<?xml version="1.0" encoding="UTF-8"?>
<!DOCTYPE html PUBLIC "-//W3C//DTD XHTML 1.0 Transitional//EN"
    "http://www.w3.org/TR/xhtml1/DTD/xhtml1-transitional.dtd">
<html xmlns="http://www.w3.org/1999/xhtml" xml:lang="en" lang="en">
 <head>
  <title>
</title>
<meta http-equiv="Content-Type" content="text/html;charset=utf-8" />
  <meta name='ocr-system' content='tesseract 3.04.00' />
  <meta name='ocr-capabilities' content='ocr_page ocr_carea ocr_par ocr_line ocrx_word'/>
</head>
<body>
  <div class='ocr_page' id='page_1' title='image "./troilusalbertis02albegoog_0214.png"; bbox 0 0 2574 3976; ppageno 0'>
   <div class='ocr_carea' id='block_1_1' title="bbox 423 176 786 230">
    <p class='ocr_par' dir='ltr' id='par_1_1' title="bbox 423 176 786 230">
     <span class='ocr_line' id='line_1_1' title="bbox 423 176 786 230; baseline 0.006 -4"><span class='ocrx_word' id='word_1_1' title='bbox 423 176 495 229; x_wconf 67' lang='lat' dir='ltr'><strong>Lib.</strong></span> <span class='ocrx_word' id='word_1_2' title='bbox 514 177 560 226; x_wconf 88' lang='lat' dir='ltr'><strong>Vl.</strong></span> <span class='ocrx_word' id='word_1_3' title='bbox 597 193 623 230; x_wconf 90' lang='lat' dir='ltr'><strong>v.</strong></span> <span class='ocrx_word' id='word_1_4' title='bbox 642 179 786 230; x_wconf 73' lang='lat' dir='ltr'><strong>eut-672.</strong></span> 
     </span>
    </p>
   </div>
   <div class='ocr_carea' id='block_1_2' title="bbox 121 328 1093 830">
    <p class='ocr_par' dir='ltr' id='par_1_2' title="bbox 125 328 935 492">
     <span class='ocr_line' id='line_1_2' title="bbox 125 328 935 409; baseline -0.005 -18"><span class='ocrx_word' id='word_1_5' title='bbox 125 331 288 406; x_wconf 76' lang='lat' dir='ltr'><strong>sicigitur</strong></span> <span class='ocrx_word' id='word_1_6' title='bbox 311 330 449 391; x_wconf 75' lang='lat' dir='ltr'><strong>statuisse</strong></span> <span class='ocrx_word' id='word_1_7' title='bbox 471 328 581 398; x_wconf 83' lang='lat' dir='ltr'><strong>volunt,</strong></span> <span class='ocrx_word' id='word_1_8' title='bbox 606 338 647 399; x_wconf 91' lang='lat' dir='ltr'><strong>ut,</strong></span> <span class='ocrx_word' id='word_1_9' title='bbox 671 328 789 409; x_wconf 88' lang='lat' dir='ltr'><strong>quando</strong></span> <span class='ocrx_word' id='word_1_10' title='bbox 811 329 935 397; x_wconf 87' lang='lat' dir='ltr'><strong>veniret,</strong></span> 
     </span>
     <span class='ocr_line' id='line_1_3' title="bbox 170 412 783 492; baseline 0 -20"><span class='ocrx_word' id='word_1_11' title='bbox 170 414 238 476; x_wconf 88' lang='lat' dir='ltr'><strong>Vela</strong></span> <span class='ocrx_word' id='word_1_12' title='bbox 261 415 432 476; x_wconf 77' lang='lat' dir='ltr'><strong>levarentur</strong></span> <span class='ocrx_word' id='word_1_13' title='bbox 454 414 564 481; x_wconf 88' lang='lat' dir='ltr'><strong>omnia,</strong></span> <span class='ocrx_word' id='word_1_14' title='bbox 587 415 687 492; x_wconf 89' lang='lat' dir='ltr'><strong>quinta</strong></span> <span class='ocrx_word' id='word_1_15' title='bbox 711 412 783 472; x_wconf 92' lang='lat' dir='ltr'><strong>dies.</strong></span> 
     </span>
    </p>

    <p class='ocr_par' dir='ltr' id='par_1_3' title="bbox 122 495 890 658">
     <span class='ocr_line' id='line_1_4' title="bbox 122 495 810 578; baseline -0.009 -17"><span class='ocrx_word' id='word_1_16' title='bbox 122 500 311 578; x_wconf 80' lang='lat' dir='ltr'><strong>Propositum</strong></span> <span class='ocrx_word' id='word_1_17' title='bbox 334 497 391 558; x_wconf 90' lang='lat' dir='ltr'><strong>tale</strong></span> <span class='ocrx_word' id='word_1_18' title='bbox 414 499 538 559; x_wconf 88' lang='lat' dir='ltr'><strong>mutatio</strong></span> <span class='ocrx_word' id='word_1_19' title='bbox 561 495 689 558; x_wconf 84' lang='lat' dir='ltr'><strong>destruit</strong></span> <span class='ocrx_word' id='word_1_20' title='bbox 710 515 810 565; x_wconf 89' lang='lat' dir='ltr'><strong>aurae,</strong></span> 
     </span>
     <span class='ocr_line' id='line_1_5' title="bbox 166 581 890 658; baseline -0.003 -15"><span class='ocrx_word' id='word_1_21' title='bbox 166 582 329 643; x_wconf 89' lang='lat' dir='ltr'><strong>Sollicitum</strong></span> <span class='ocrx_word' id='word_1_22' title='bbox 352 584 452 643; x_wconf 84' lang='lat' dir='ltr'><strong>raucis</strong></span> <span class='ocrx_word' id='word_1_23' title='bbox 475 601 545 644; x_wconf 87' lang='lat' dir='ltr'><strong>nam</strong></span> <span class='ocrx_word' id='word_1_24' title='bbox 568 600 650 642; x_wconf 88' lang='lat' dir='ltr'><strong>mare</strong></span> <span class='ocrx_word' id='word_1_25' title='bbox 672 581 766 642; x_wconf 81' lang='lat' dir='ltr'><strong>servet</strong></span> <span class='ocrx_word' id='word_1_26' title='bbox 788 583 890 658; x_wconf 88' lang='lat' dir='ltr'><strong>aquis;</strong></span> 
     </span>
    </p>

    <p class='ocr_par' dir='ltr' id='par_1_4' title="bbox 121 663 1093 830">
     <span class='ocr_line' id='line_1_6' title="bbox 121 663 1093 746; baseline -0.005 -19"><span class='ocrx_word' id='word_1_27' title='bbox 121 668 254 746; x_wconf 83' lang='lat' dir='ltr'><strong>Tempus</strong></span> <span class='ocrx_word' id='word_1_28' title='bbox 277 669 356 727; x_wconf 89' lang='lat' dir='ltr'><strong>enim</strong></span> <span class='ocrx_word' id='word_1_29' title='bbox 379 667 447 745; x_wconf 88' lang='lat' dir='ltr'><strong>quia</strong></span> <span class='ocrx_word' id='word_1_30' title='bbox 471 683 525 745; x_wconf 89' lang='lat' dir='ltr'><strong>per</strong></span> <span class='ocrx_word' id='word_1_31' title='bbox 547 664 667 746; x_wconf 85' lang='lat' dir='ltr'><strong>aliquod</strong></span> <span class='ocrx_word' id='word_1_32' title='bbox 692 667 782 726; x_wconf 85' lang='lat' dir='ltr'><strong>maris</strong></span> <span class='ocrx_word' id='word_1_33' title='bbox 805 668 849 726; x_wconf 87' lang='lat' dir='ltr'><strong>ira</strong></span> <span class='ocrx_word' id='word_1_34' title='bbox 872 663 1022 729; x_wconf 87' lang='lat' dir='ltr'><strong>lremebat</strong></span> <span class='ocrx_word' id='word_1_35' title='bbox 1043 674 1093 722; x_wconf 80' lang='lat'><strong>645</strong></span> 
     </span>
     <span class='ocr_line' id='line_1_7' title="bbox 166 747 781 830; baseline -0.003 -18"><span class='ocrx_word' id='word_1_36' title='bbox 166 751 232 812; x_wconf 89' lang='lat' dir='ltr'><strong>Non</strong></span> <span class='ocrx_word' id='word_1_37' title='bbox 254 759 393 830; x_wconf 90' lang='lat' dir='ltr'><strong>poterant</strong></span> <span class='ocrx_word' id='word_1_38' title='bbox 414 751 491 812; x_wconf 87' lang='lat' dir='ltr'><strong>dicta</strong></span> <span class='ocrx_word' id='word_1_39' title='bbox 515 747 576 810; x_wconf 87' lang='lat' dir='ltr'><strong>vela</strong></span> <span class='ocrx_word' id='word_1_40' title='bbox 600 750 701 811; x_wconf 88' lang='lat' dir='ltr'><strong>levare</strong></span> <span class='ocrx_word' id='word_1_41' title='bbox 724 750 781 810; x_wconf 86' lang='lat' dir='ltr'><strong>die.</strong></span> 
     </span>
    </p>
   </div>
   <div class='ocr_carea' id='block_1_3' title="bbox 357 911 861 982">
    <p class='ocr_par' dir='ltr' id='par_1_5' title="bbox 357 911 861 982">
     <span class='ocr_line' id='line_1_8' title="bbox 357 911 861 982; baseline 0 -16"><span class='ocrx_word' id='word_1_42' title='bbox 357 911 565 982; x_wconf 79' lang='lat' dir='ltr'><strong>[POLYXENA</strong></span> <span class='ocrx_word' id='word_1_43' title='bbox 581 911 861 982; x_wconf 69' lang='lat' dir='ltr'><strong>lu&#39;runulcluunq</strong></span> 
     </span>
    </p>
   </div>
   <div class='ocr_carea' id='block_1_4' title="bbox 8 1017 960 3028">
    <p class='ocr_par' dir='ltr' id='par_1_6' title="bbox 125 1017 959 1688">
     <span class='ocr_line' id='line_1_9' title="bbox 127 1017 886 1098; baseline -0.001 -18"><span class='ocrx_word' id='word_1_44' title='bbox 127 1019 180 1080; x_wconf 86' lang='lat' dir='ltr'><strong>Est</strong></span> <span class='ocrx_word' id='word_1_45' title='bbox 201 1017 278 1098; x_wconf 88' lang='lat' dir='ltr'><strong>apud</strong></span> <span class='ocrx_word' id='word_1_46' title='bbox 301 1021 429 1082; x_wconf 81' lang='lat' dir='ltr'><strong>Aeneam</strong></span> <span class='ocrx_word' id='word_1_47' title='bbox 452 1029 566 1082; x_wconf 88' lang='lat' dir='ltr'><strong>serrata</strong></span> <span class='ocrx_word' id='word_1_48' title='bbox 589 1018 749 1098; x_wconf 80' lang='lat' dir='ltr'><strong>Polyxena,</strong></span> <span class='ocrx_word' id='word_1_49' title='bbox 772 1018 886 1097; x_wconf 76' lang='lat' dir='ltr'><strong>Pyrrho</strong></span> 
     </span>
     <span class='ocr_line' id='line_1_10' title="bbox 168 1101 833 1181; baseline 0.002 -19"><span class='ocrx_word' id='word_1_50' title='bbox 168 1101 201 1163; x_wconf 87' lang='lat' dir='ltr'><strong>ln</strong></span> <span class='ocrx_word' id='word_1_51' title='bbox 224 1103 384 1164; x_wconf 85' lang='lat' dir='ltr'><strong>thalamum</strong></span> <span class='ocrx_word' id='word_1_52' title='bbox 409 1104 516 1164; x_wconf 88' lang='lat' dir='ltr'><strong>mentis</strong></span> <span class='ocrx_word' id='word_1_53' title='bbox 538 1102 600 1181; x_wconf 81' lang='lat' dir='ltr'><strong>ejus</strong></span> <span class='ocrx_word' id='word_1_54' title='bbox 621 1105 719 1180; x_wconf 75' lang='lat' dir='ltr'><strong>imago</strong></span> <span class='ocrx_word' id='word_1_55' title='bbox 742 1101 833 1163; x_wconf 83' lang='lat' dir='ltr'><strong>eadit&#39;</strong></span> 
     </span>
     <span class='ocr_line' id='line_1_11' title="bbox 128 1187 859 1266; baseline 0 -18"><span class='ocrx_word' id='word_1_56' title='bbox 128 1187 231 1248; x_wconf 89' lang='lat' dir='ltr'><strong>Nonne</strong></span> <span class='ocrx_word' id='word_1_57' title='bbox 254 1205 321 1248; x_wconf 90' lang='lat' dir='ltr'><strong>meo</strong></span> <span class='ocrx_word' id='word_1_58' title='bbox 342 1190 419 1266; x_wconf 89' lang='lat' dir='ltr'><strong>patri</strong></span> <span class='ocrx_word' id='word_1_59' title='bbox 442 1189 499 1249; x_wconf 89' lang='lat' dir='ltr'><strong>luit</strong></span> <span class='ocrx_word' id='word_1_60' title='bbox 520 1187 594 1248; x_wconf 84' lang='lat' dir='ltr'><strong>lraec</strong></span> <span class='ocrx_word' id='word_1_61' title='bbox 615 1188 732 1247; x_wconf 84' lang='lat' dir='ltr'><strong>occasio</strong></span> <span class='ocrx_word' id='word_1_62' title='bbox 754 1189 859 1248; x_wconf 87' lang='lat' dir='ltr'><strong>mortis</strong></span> 
     </span>
     <span class='ocr_line' id='line_1_12' title="bbox 170 1270 807 1350; baseline -0.002 -18"><span class='ocrx_word' id='word_1_63' title='bbox 170 1270 294 1349; x_wconf 80' lang='lat' dir='ltr'><strong>Cogitat,</strong></span> <span class='ocrx_word' id='word_1_64' title='bbox 317 1282 347 1332; x_wconf 88' lang='lat' dir='ltr'><strong>et</strong></span> <span class='ocrx_word' id='word_1_65' title='bbox 368 1271 467 1333; x_wconf 88' lang='lat' dir='ltr'><strong>studio</strong></span> <span class='ocrx_word' id='word_1_66' title='bbox 489 1273 619 1350; x_wconf 88' lang='lat' dir='ltr'><strong>pectoris</strong></span> <span class='ocrx_word' id='word_1_67' title='bbox 641 1272 697 1331; x_wconf 90' lang='lat' dir='ltr'><strong>ista</strong></span> <span class='ocrx_word' id='word_1_68' title='bbox 719 1279 807 1331; x_wconf 89' lang='lat' dir='ltr'><strong>rotat.</strong></span> 
     </span>
     <span class='ocr_line' id='line_1_13' title="bbox 126 1355 906 1436; baseline -0.003 -20"><span class='ocrx_word' id='word_1_69' title='bbox 126 1355 286 1436; x_wconf 83' lang='lat' dir='ltr'><strong>Tempore,</strong></span> <span class='ocrx_word' id='word_1_70' title='bbox 311 1372 371 1433; x_wconf 88' lang='lat' dir='ltr'><strong>quo</strong></span> <span class='ocrx_word' id='word_1_71' title='bbox 393 1356 502 1417; x_wconf 87' lang='lat' dir='ltr'><strong>Priami</strong></span> <span class='ocrx_word' id='word_1_72' title='bbox 524 1356 580 1416; x_wconf 88' lang='lat' dir='ltr'><strong>luit</strong></span> <span class='ocrx_word' id='word_1_73' title='bbox 601 1374 617 1415; x_wconf 92' lang='lat' dir='ltr'><strong>a</strong></span> <span class='ocrx_word' id='word_1_74' title='bbox 641 1373 688 1415; x_wconf 87' lang='lat' dir='ltr'><strong>rne</strong></span> <span class='ocrx_word' id='word_1_75' title='bbox 711 1357 792 1432; x_wconf 87' lang='lat' dir='ltr'><strong>regia</strong></span> <span class='ocrx_word' id='word_1_76' title='bbox 816 1355 906 1415; x_wconf 88' lang='lat' dir='ltr'><strong>lracta</strong></span> 
     </span>
     <span class='ocr_line' id='line_1_14' title="bbox 171 1438 776 1518; baseline 0 -20"><span class='ocrx_word' id='word_1_77' title='bbox 171 1439 252 1500; x_wconf 89' lang='lat' dir='ltr'><strong>lianc</strong></span> <span class='ocrx_word' id='word_1_78' title='bbox 274 1438 316 1500; x_wconf 85' lang='lat' dir='ltr'><strong>ibi</strong></span> <span class='ocrx_word' id='word_1_79' title='bbox 340 1457 399 1501; x_wconf 92' lang='lat' dir='ltr'><strong>non</strong></span> <span class='ocrx_word' id='word_1_80' title='bbox 422 1439 492 1508; x_wconf 85' lang='lat' dir='ltr'><strong>ridi,</strong></span> <span class='ocrx_word' id='word_1_81' title='bbox 516 1440 685 1518; x_wconf 88' lang='lat' dir='ltr'><strong>reperietur</strong></span> <span class='ocrx_word' id='word_1_82' title='bbox 708 1438 776 1500; x_wconf 81' lang='lat' dir='ltr'><strong>ubi?</strong></span> 
     </span>
     <span class='ocr_line' id='line_1_15' title="bbox 125 1523 959 1604; baseline -0.001 -20"><span class='ocrx_word' id='word_1_83' title='bbox 125 1523 150 1584; x_wconf 91' lang='lat'>0</span> <span class='ocrx_word' id='word_1_84' title='bbox 172 1526 388 1602; x_wconf 80' lang='lat' dir='ltr'><strong>Agamemnon!</strong></span> <span class='ocrx_word' id='word_1_85' title='bbox 412 1524 449 1584; x_wconf 89' lang='lat' dir='ltr'><strong>ait</strong></span> <span class='ocrx_word' id='word_1_86' title='bbox 473 1523 509 1586; x_wconf 92' lang='lat' dir='ltr'><strong>ad</strong></span> <span class='ocrx_word' id='word_1_87' title='bbox 532 1540 645 1600; x_wconf 76' lang='lat' dir='ltr'><strong>regem,</strong></span> <span class='ocrx_word' id='word_1_88' title='bbox 668 1542 728 1604; x_wconf 91' lang='lat' dir='ltr'><strong>quo</strong></span> <span class='ocrx_word' id='word_1_89' title='bbox 751 1534 850 1584; x_wconf 88' lang='lat' dir='ltr'><strong>tamen</strong></span> <span class='ocrx_word' id='word_1_90' title='bbox 873 1533 959 1584; x_wconf 91' lang='lat' dir='ltr'><strong>antro</strong></span> 
     </span>
     <span class='ocr_line' id='line_1_16' title="bbox 167 1605 818 1688; baseline -0.002 -20"><span class='ocrx_word' id='word_1_91' title='bbox 167 1607 249 1668; x_wconf 91' lang='lat' dir='ltr'><strong>llaec</strong></span> <span class='ocrx_word' id='word_1_92' title='bbox 270 1607 365 1670; x_wconf 91' lang='lat' dir='ltr'><strong>latitat</strong></span> <span class='ocrx_word' id='word_1_93' title='bbox 388 1610 469 1686; x_wconf 83' lang='lat' dir='ltr'><strong>virgo</strong></span> <span class='ocrx_word' id='word_1_94' title='bbox 493 1608 620 1688; x_wconf 81' lang='lat' dir='ltr'><strong>condita,</strong></span> <span class='ocrx_word' id='word_1_95' title='bbox 643 1609 721 1668; x_wconf 89' lang='lat' dir='ltr'><strong>scire</strong></span> <span class='ocrx_word' id='word_1_96' title='bbox 743 1605 818 1667; x_wconf 88' lang='lat' dir='ltr'><strong>volo.</strong></span> 
     </span>
    </p>

    <p class='ocr_par' dir='ltr' id='par_1_7' title="bbox 125 1691 960 1940">
     <span class='ocr_line' id='line_1_17' title="bbox 125 1691 954 1771; baseline 0.001 -19"><span class='ocrx_word' id='word_1_97' title='bbox 125 1691 189 1752; x_wconf 92' lang='lat' dir='ltr'><strong>Non</strong></span> <span class='ocrx_word' id='word_1_98' title='bbox 213 1692 334 1752; x_wconf 89' lang='lat' dir='ltr'><strong>memini</strong></span> <span class='ocrx_word' id='word_1_99' title='bbox 358 1712 405 1753; x_wconf 91' lang='lat' dir='ltr'><strong>me</strong></span> <span class='ocrx_word' id='word_1_100' title='bbox 428 1695 520 1771; x_wconf 86' lang='lat' dir='ltr'><strong>patris</strong></span> <span class='ocrx_word' id='word_1_101' title='bbox 543 1710 606 1753; x_wconf 81' lang='lat' dir='ltr'><strong>earn</strong></span> <span class='ocrx_word' id='word_1_102' title='bbox 630 1692 735 1752; x_wconf 88' lang='lat' dir='ltr'><strong>vidisse</strong></span> <span class='ocrx_word' id='word_1_103' title='bbox 759 1691 814 1753; x_wconf 93' lang='lat' dir='ltr'><strong>sub</strong></span> <span class='ocrx_word' id='word_1_104' title='bbox 837 1691 954 1768; x_wconf 86' lang='lat' dir='ltr'><strong>umbra,</strong></span> 
     </span>
     <span class='ocr_line' id='line_1_18' title="bbox 167 1774 909 1855; baseline -0.003 -19"><span class='ocrx_word' id='word_1_105' title='bbox 167 1775 227 1836; x_wconf 90' lang='lat' dir='ltr'><strong>Nee</strong></span> <span class='ocrx_word' id='word_1_106' title='bbox 251 1779 323 1844; x_wconf 90' lang='lat' dir='ltr'><strong>scio,</strong></span> <span class='ocrx_word' id='word_1_107' title='bbox 346 1776 424 1855; x_wconf 91' lang='lat' dir='ltr'><strong>quod</strong></span> <span class='ocrx_word' id='word_1_108' title='bbox 449 1776 548 1836; x_wconf 88' lang='lat' dir='ltr'><strong>tulerit</strong></span> <span class='ocrx_word' id='word_1_109' title='bbox 570 1774 690 1836; x_wconf 84' lang='lat' dir='ltr'><strong>Hecuba</strong></span> <span class='ocrx_word' id='word_1_110' title='bbox 714 1785 811 1838; x_wconf 88' lang='lat' dir='ltr'><strong>mater</strong></span> <span class='ocrx_word' id='word_1_111' title='bbox 834 1794 909 1836; x_wconf 87' lang='lat' dir='ltr'><strong>eam.</strong></span> 
     </span>
     <span class='ocr_line' id='line_1_19' title="bbox 125 1860 960 1940; baseline -0.002 -18"><span class='ocrx_word' id='word_1_112' title='bbox 125 1860 263 1940; x_wconf 87' lang='lat' dir='ltr'><strong>Undique</strong></span> <span class='ocrx_word' id='word_1_113' title='bbox 287 1878 339 1922; x_wconf 84' lang='lat' dir='ltr'><strong>rex</strong></span> <span class='ocrx_word' id='word_1_114' title='bbox 363 1864 481 1938; x_wconf 88' lang='lat' dir='ltr'><strong>quaerit</strong></span> <span class='ocrx_word' id='word_1_115' title='bbox 502 1878 557 1939; x_wconf 92' lang='lat' dir='ltr'><strong>pro</strong></span> <span class='ocrx_word' id='word_1_116' title='bbox 582 1861 706 1937; x_wconf 81' lang='lat' dir='ltr'><strong>virgine,</strong></span> <span class='ocrx_word' id='word_1_117' title='bbox 730 1862 841 1920; x_wconf 88' lang='lat' dir='ltr'><strong>mentio</strong></span> <span class='ocrx_word' id='word_1_118' title='bbox 863 1863 960 1939; x_wconf 82' lang='lat' dir='ltr'><strong>surgit</strong></span> 
     </span>
    </p>

    <p class='ocr_par' dir='ltr' id='par_1_8' title="bbox 125 1943 905 2192">
     <span class='ocr_line' id='line_1_20' title="bbox 167 1943 845 2023; baseline 0 -19"><span class='ocrx_word' id='word_1_119' title='bbox 167 1943 249 2014; x_wconf 81' lang='lat' dir='ltr'><strong>Quod</strong></span> <span class='ocrx_word' id='word_1_120' title='bbox 273 1946 314 2004; x_wconf 89' lang='lat' dir='ltr'><strong>sit</strong></span> <span class='ocrx_word' id='word_1_121' title='bbox 336 1944 372 2005; x_wconf 92' lang='lat' dir='ltr'><strong>ab</strong></span> <span class='ocrx_word' id='word_1_122' title='bbox 396 1949 493 2006; x_wconf 80' lang='lat' dir='ltr'><strong>Aenea</strong></span> <span class='ocrx_word' id='word_1_123' title='bbox 516 1943 625 2005; x_wconf 89' lang='lat' dir='ltr'><strong>tradita</strong></span> <span class='ocrx_word' id='word_1_124' title='bbox 649 1945 734 2023; x_wconf 84' lang='lat' dir='ltr'><strong>virgo</strong></span> <span class='ocrx_word' id='word_1_125' title='bbox 757 1946 845 2022; x_wconf 89' lang='lat' dir='ltr'><strong>patri.</strong></span> 
     </span>
     <span class='ocr_line' id='line_1_21' title="bbox 125 2029 905 2106; baseline -0.003 -17"><span class='ocrx_word' id='word_1_126' title='bbox 125 2029 187 2089; x_wconf 81' lang='lat' dir='ltr'><strong>Rex</strong></span> <span class='ocrx_word' id='word_1_127' title='bbox 212 2036 295 2088; x_wconf 86' lang='lat' dir='ltr'><strong>vocat</strong></span> <span class='ocrx_word' id='word_1_128' title='bbox 316 2035 454 2090; x_wconf 80' lang='lat' dir='ltr'><strong>Aeneam.</strong></span> <span class='ocrx_word' id='word_1_129' title='bbox 500 2030 558 2090; x_wconf 82' lang='lat' dir='ltr'><strong>Cur</strong></span> <span class='ocrx_word' id='word_1_130' title='bbox 582 2047 636 2089; x_wconf 92' lang='lat' dir='ltr'><strong>nos</strong></span> <span class='ocrx_word' id='word_1_131' title='bbox 661 2033 758 2090; x_wconf 73' lang='lat' dir='ltr'><strong>terrea</strong></span> <span class='ocrx_word' id='word_1_132' title='bbox 782 2029 905 2106; x_wconf 77' lang='lat' dir='ltr'><strong>fatigas?</strong></span> 
     </span>
     <span class='ocr_line' id='line_1_22' title="bbox 167 2109 838 2192; baseline 0.004 -22"><span class='ocrx_word' id='word_1_133' title='bbox 167 2109 278 2182; x_wconf 88' lang='lat' dir='ltr'><strong>Intulit,</strong></span> <span class='ocrx_word' id='word_1_134' title='bbox 302 2120 335 2172; x_wconf 90' lang='lat' dir='ltr'><strong>ut</strong></span> <span class='ocrx_word' id='word_1_135' title='bbox 358 2114 462 2183; x_wconf 88' lang='lat' dir='ltr'><strong>veniat,</strong></span> <span class='ocrx_word' id='word_1_136' title='bbox 485 2112 571 2192; x_wconf 90' lang='lat' dir='ltr'><strong>pelle,</strong></span> <span class='ocrx_word' id='word_1_137' title='bbox 595 2111 704 2191; x_wconf 88' lang='lat' dir='ltr'><strong>puella,</strong></span> <span class='ocrx_word' id='word_1_138' title='bbox 729 2131 838 2173; x_wconf 86' lang='lat' dir='ltr'><strong>moras.</strong></span> 
     </span>
    </p>

    <p class='ocr_par' dir='ltr' id='par_1_9' title="bbox 125 2194 860 2358">
     <span class='ocr_line' id='line_1_23' title="bbox 125 2194 860 2274; baseline -0.004 -17"><span class='ocrx_word' id='word_1_139' title='bbox 125 2197 241 2257; x_wconf 78' lang='lat' dir='ltr'><strong>Aeneas</strong></span> <span class='ocrx_word' id='word_1_140' title='bbox 263 2197 337 2274; x_wconf 87' lang='lat' dir='ltr'><strong>petit</strong></span> <span class='ocrx_word' id='word_1_141' title='bbox 358 2195 530 2264; x_wconf 76' lang='lat' dir='ltr'><strong>Anchisem:</strong></span> <span class='ocrx_word' id='word_1_142' title='bbox 555 2194 730 2272; x_wconf 79' lang='lat' dir='ltr'><strong>virguncula</strong></span> <span class='ocrx_word' id='word_1_143' title='bbox 753 2196 860 2274; x_wconf 89' lang='lat' dir='ltr'><strong>prodit,</strong></span> 
     </span>
     <span class='ocr_line' id='line_1_24' title="bbox 175 2278 842 2358; baseline -0.003 -18"><span class='ocrx_word' id='word_1_144' title='bbox 175 2280 297 2341; x_wconf 84' lang='lat' dir='ltr'><strong>[lucitur</strong></span> <span class='ocrx_word' id='word_1_145' title='bbox 320 2279 355 2340; x_wconf 91' lang='lat' dir='ltr'><strong>ad</strong></span> <span class='ocrx_word' id='word_1_146' title='bbox 379 2297 480 2358; x_wconf 77' lang='lat' dir='ltr'><strong>regem</strong></span> <span class='ocrx_word' id='word_1_147' title='bbox 504 2288 582 2341; x_wconf 82' lang='lat' dir='ltr'><strong>certa</strong></span> <span class='ocrx_word' id='word_1_148' title='bbox 606 2278 707 2340; x_wconf 83' lang='lat' dir='ltr'><strong>subire</strong></span> <span class='ocrx_word' id='word_1_149' title='bbox 729 2297 842 2340; x_wconf 86' lang='lat' dir='ltr'><strong>necem.</strong></span> 
     </span>
    </p>

    <p class='ocr_par' dir='ltr' id='par_1_10' title="bbox 126 2361 918 2524">
     <span class='ocr_line' id='line_1_25' title="bbox 126 2361 918 2444; baseline 0 -20"><span class='ocrx_word' id='word_1_150' title='bbox 126 2361 188 2424; x_wconf 83' lang='lat' dir='ltr'><strong>ilex</strong></span> <span class='ocrx_word' id='word_1_151' title='bbox 212 2363 326 2444; x_wconf 83' lang='lat' dir='ltr'><strong>Pyrrho</strong></span> <span class='ocrx_word' id='word_1_152' title='bbox 349 2372 519 2442; x_wconf 88' lang='lat' dir='ltr'><strong>praesentat</strong></span> <span class='ocrx_word' id='word_1_153' title='bbox 544 2383 617 2432; x_wconf 82' lang='lat' dir='ltr'><strong>earn,</strong></span> <span class='ocrx_word' id='word_1_154' title='bbox 641 2362 918 2442; x_wconf 80' lang='lat' dir='ltr'><strong>sententia&#39;l‘yrrlri</strong></span> 
     </span>
     <span class='ocr_line' id='line_1_26' title="bbox 168 2447 836 2524; baseline 0.003 -18"><span class='ocrx_word' id='word_1_155' title='bbox 168 2447 255 2508; x_wconf 84' lang='lat' dir='ltr'><strong>Extat</strong></span> <span class='ocrx_word' id='word_1_156' title='bbox 276 2455 309 2507; x_wconf 91' lang='lat' dir='ltr'><strong>ut</strong></span> <span class='ocrx_word' id='word_1_157' title='bbox 331 2449 486 2510; x_wconf 86' lang='lat' dir='ltr'><strong>interitum</strong></span> <span class='ocrx_word' id='word_1_158' title='bbox 511 2451 605 2524; x_wconf 88' lang='lat' dir='ltr'><strong>patris</strong></span> <span class='ocrx_word' id='word_1_159' title='bbox 627 2456 657 2508; x_wconf 88' lang='lat' dir='ltr'><strong>et</strong></span> <span class='ocrx_word' id='word_1_160' title='bbox 679 2450 742 2524; x_wconf 89' lang='lat' dir='ltr'><strong>ipsa</strong></span> <span class='ocrx_word' id='word_1_161' title='bbox 765 2447 836 2508; x_wconf 87' lang='lat' dir='ltr'><strong>luat.</strong></span> 
     </span>
    </p>

    <p class='ocr_par' dir='ltr' id='par_1_11' title="bbox 128 2530 898 2694">
     <span class='ocr_line' id='line_1_27' title="bbox 128 2530 898 2611; baseline 0 -21"><span class='ocrx_word' id='word_1_162' title='bbox 128 2530 299 2593; x_wconf 84' lang='lat' dir='ltr'><strong>lietraltitur</strong></span> <span class='ocrx_word' id='word_1_163' title='bbox 321 2542 444 2600; x_wconf 90' lang='lat' dir='ltr'><strong>moesta,</strong></span> <span class='ocrx_word' id='word_1_164' title='bbox 468 2533 620 2610; x_wconf 85' lang='lat' dir='ltr'><strong>scissaque</strong></span> <span class='ocrx_word' id='word_1_165' title='bbox 642 2531 789 2611; x_wconf 75' lang='lat' dir='ltr'><strong>Polyxena</strong></span> <span class='ocrx_word' id='word_1_166' title='bbox 813 2530 898 2610; x_wconf 90' lang='lat' dir='ltr'><strong>palla,</strong></span> 
     </span>
     <span class='ocr_line' id='line_1_28' title="bbox 167 2614 818 2694; baseline 0 -19"><span class='ocrx_word' id='word_1_167' title='bbox 167 2615 203 2675; x_wconf 88' lang='lat' dir='ltr'><strong>Et</strong></span> <span class='ocrx_word' id='word_1_168' title='bbox 225 2621 314 2676; x_wconf 90' lang='lat' dir='ltr'><strong>nocet</strong></span> <span class='ocrx_word' id='word_1_169' title='bbox 335 2614 456 2676; x_wconf 84' lang='lat' dir='ltr'><strong>alterins</strong></span> <span class='ocrx_word' id='word_1_170' title='bbox 480 2634 539 2676; x_wconf 91' lang='lat' dir='ltr'><strong>non</strong></span> <span class='ocrx_word' id='word_1_171' title='bbox 563 2634 614 2675; x_wconf 90' lang='lat' dir='ltr'><strong>sna</strong></span> <span class='ocrx_word' id='word_1_172' title='bbox 638 2614 725 2694; x_wconf 90' lang='lat' dir='ltr'><strong>culpa</strong></span> <span class='ocrx_word' id='word_1_173' title='bbox 748 2615 818 2675; x_wconf 87' lang='lat' dir='ltr'><strong>sibi.</strong></span> 
     </span>
    </p>

    <p class='ocr_par' dir='ltr' id='par_1_12' title="bbox 127 2699 922 2779">
     <span class='ocr_line' id='line_1_29' title="bbox 127 2699 922 2779; baseline -0.003 -19"><span class='ocrx_word' id='word_1_174' title='bbox 127 2700 170 2760; x_wconf 80' lang='lat' dir='ltr'><strong>lu</strong></span> <span class='ocrx_word' id='word_1_175' title='bbox 195 2701 322 2778; x_wconf 89' lang='lat' dir='ltr'><strong>patrium</strong></span> <span class='ocrx_word' id='word_1_176' title='bbox 342 2699 457 2779; x_wconf 81' lang='lat' dir='ltr'><strong>jugulat</strong></span> <span class='ocrx_word' id='word_1_177' title='bbox 479 2701 639 2761; x_wconf 88' lang='lat' dir='ltr'><strong>detractam</strong></span> <span class='ocrx_word' id='word_1_178' title='bbox 662 2701 720 2761; x_wconf 86' lang='lat' dir='ltr'><strong>tiro</strong></span> <span class='ocrx_word' id='word_1_179' title='bbox 742 2699 922 2777; x_wconf 85' lang='lat' dir='ltr'><strong>sepulcrum,</strong></span> 
     </span>
    </p>

    <p class='ocr_par' dir='ltr' id='par_1_13' title="bbox 8 2782 831 2862">
     <span class='ocr_line' id='line_1_30' title="bbox 8 2782 831 2862; baseline 0.001 -22"><span class='ocrx_word' id='word_1_180' title='bbox 8 2835 9 2840; x_wconf 73' lang='grc'>,</span> <span class='ocrx_word' id='word_1_181' title='bbox 170 2782 287 2844; x_wconf 86' lang='lat' dir='ltr'><strong>Occidit</strong></span> <span class='ocrx_word' id='word_1_182' title='bbox 309 2783 366 2846; x_wconf 86' lang='lat' dir='ltr'><strong>ltoc</strong></span> <span class='ocrx_word' id='word_1_183' title='bbox 390 2787 499 2844; x_wconf 88' lang='lat' dir='ltr'><strong>misero</strong></span> <span class='ocrx_word' id='word_1_184' title='bbox 522 2785 603 2862; x_wconf 84' lang='lat' dir='ltr'><strong>regia</strong></span> <span class='ocrx_word' id='word_1_185' title='bbox 627 2787 711 2860; x_wconf 85' lang='lat' dir='ltr'><strong>virgo</strong></span> <span class='ocrx_word' id='word_1_186' title='bbox 734 2784 831 2842; x_wconf 90' lang='lat' dir='ltr'><strong>modo.</strong></span> 
     </span>
    </p>

    <p class='ocr_par' dir='ltr' id='par_1_14' title="bbox 8 2865 889 2946">
     <span class='ocr_line' id='line_1_31' title="bbox 8 2865 889 2946; baseline -0.003 -19"><span class='ocrx_word' id='word_1_187' title='bbox 8 2897 9 2910; x_wconf 37' lang='grc' dir='ltr'>ι</span> <span class='ocrx_word' id='word_1_188' title='bbox 126 2867 189 2927; x_wconf 83' lang='lat' dir='ltr'><strong>Rex</strong></span> <span class='ocrx_word' id='word_1_189' title='bbox 212 2867 421 2927; x_wconf 80' lang='lat' dir='ltr'><strong>Anelrisiadern</strong></span> <span class='ocrx_word' id='word_1_190' title='bbox 444 2885 498 2946; x_wconf 87' lang='lat' dir='ltr'><strong>pro</strong></span> <span class='ocrx_word' id='word_1_191' title='bbox 522 2868 622 2938; x_wconf 70' lang='lat' dir='ltr'><strong>clausa</strong></span> <span class='ocrx_word' id='word_1_192' title='bbox 646 2868 759 2944; x_wconf 86' lang='lat' dir='ltr'><strong>virgine</strong></span> <span class='ocrx_word' id='word_1_193' title='bbox 782 2865 889 2945; x_wconf 88' lang='lat' dir='ltr'><strong>culpat,</strong></span> 
     </span>
    </p>

    <p class='ocr_par' dir='ltr' id='par_1_15' title="bbox 170 2949 847 3028">
     <span class='ocr_line' id='line_1_32' title="bbox 170 2949 847 3028; baseline -0.003 -19"><span class='ocrx_word' id='word_1_194' title='bbox 170 2949 227 3020; x_wconf 86' lang='lat' dir='ltr'><strong>Qui</strong></span> <span class='ocrx_word' id='word_1_195' title='bbox 246 2949 331 3028; x_wconf 85' lang='lat' dir='ltr'><strong>jubet</strong></span> <span class='ocrx_word' id='word_1_196' title='bbox 353 2958 384 3010; x_wconf 88' lang='lat' dir='ltr'><strong>ut</strong></span> <span class='ocrx_word' id='word_1_197' title='bbox 406 2951 500 3017; x_wconf 84' lang='lat' dir='ltr'><strong>cedat,</strong></span> <span class='ocrx_word' id='word_1_198' title='bbox 525 2951 616 3010; x_wconf 88' lang='lat' dir='ltr'><strong>altera</strong></span> <span class='ocrx_word' id='word_1_199' title='bbox 639 2966 730 3026; x_wconf 85' lang='lat' dir='ltr'><strong>regna</strong></span> <span class='ocrx_word' id='word_1_200' title='bbox 755 2957 847 3027; x_wconf 88' lang='lat' dir='ltr'><strong>petat.</strong></span> 
     </span>
    </p>
   </div>
   <div class='ocr_carea' id='block_1_5' title="bbox 289 3093 932 3167">
    <p class='ocr_par' dir='ltr' id='par_1_16' title="bbox 289 3093 932 3167">
     <span class='ocr_line' id='line_1_33' title="bbox 289 3093 932 3167; baseline -0.003 -17"><span class='ocrx_word' id='word_1_201' title='bbox 289 3095 422 3167; x_wconf 75' lang='lat' dir='ltr'><strong>[ronne</strong></span> <span class='ocrx_word' id='word_1_202' title='bbox 441 3095 631 3162; x_wconf 77' lang='lat' dir='ltr'><strong>toourrnn</strong></span> <span class='ocrx_word' id='word_1_203' title='bbox 648 3093 696 3148; x_wconf 83' lang='lat' dir='ltr'><strong>nu</strong></span> <span class='ocrx_word' id='word_1_204' title='bbox 714 3094 824 3148; x_wconf 76' lang='lat' dir='ltr'><strong>nunno</strong></span> <span class='ocrx_word' id='word_1_205' title='bbox 844 3094 932 3163; x_wconf 74' lang='lat' dir='ltr'><strong>sno]</strong></span> 
     </span>
    </p>
   </div>
   <div class='ocr_carea' id='block_1_6' title="bbox 127 3201 871 3367">
    <p class='ocr_par' dir='ltr' id='par_1_17' title="bbox 127 3201 871 3367">
     <span class='ocr_line' id='line_1_34' title="bbox 127 3201 871 3282; baseline -0.001 -22"><span class='ocrx_word' id='word_1_206' title='bbox 127 3202 257 3280; x_wconf 80' lang='lat' dir='ltr'><strong>Virginis</strong></span> <span class='ocrx_word' id='word_1_207' title='bbox 280 3221 295 3263; x_wconf 91' lang='lat' dir='ltr'><strong>a</strong></span> <span class='ocrx_word' id='word_1_208' title='bbox 319 3210 406 3282; x_wconf 85' lang='lat' dir='ltr'><strong>pactu</strong></span> <span class='ocrx_word' id='word_1_209' title='bbox 428 3202 486 3263; x_wconf 91' lang='lat' dir='ltr'><strong>duc</strong></span> <span class='ocrx_word' id='word_1_210' title='bbox 508 3220 602 3263; x_wconf 88' lang='lat' dir='ltr'><strong>annos</strong></span> <span class='ocrx_word' id='word_1_211' title='bbox 624 3201 703 3262; x_wconf 88' lang='lat' dir='ltr'><strong>mille</strong></span> <span class='ocrx_word' id='word_1_212' title='bbox 726 3201 871 3262; x_wconf 89' lang='lat' dir='ltr'><strong>ducentos</strong></span> 
     </span>
     <span class='ocr_line' id='line_1_35' title="bbox 169 3283 801 3367; baseline -0.003 -19"><span class='ocrx_word' id='word_1_213' title='bbox 169 3287 206 3348; x_wconf 79' lang='lat' dir='ltr'><strong>ut</strong></span> <span class='ocrx_word' id='word_1_214' title='bbox 227 3283 433 3367; x_wconf 86' lang='lat' dir='ltr'><strong>quadragenos</strong></span> <span class='ocrx_word' id='word_1_215' title='bbox 456 3287 502 3348; x_wconf 90' lang='lat' dir='ltr'><strong>his</strong></span> <span class='ocrx_word' id='word_1_216' title='bbox 525 3286 664 3348; x_wconf 90' lang='lat' dir='ltr'><strong>sociando</strong></span> <span class='ocrx_word' id='word_1_217' title='bbox 687 3303 801 3357; x_wconf 87' lang='lat' dir='ltr'><strong>novom,</strong></span> 
     </span>
    </p>
   </div>
   <div class='ocr_carea' id='block_1_7' title="bbox 128 3406 331 3417">
    <p class='ocr_par' dir='ltr' id='par_1_18' title="bbox 128 3406 331 3417">
     <span class='ocr_line' id='line_1_36' title="bbox 128 3406 331 3417; baseline 0.005 -1"><span class='ocrx_word' id='word_1_218' title='bbox 128 3406 331 3417; x_wconf 69' lang='lat'><strong>——-——-—-—-—-</strong></span> 
     </span>
    </p>
   </div>
   <div class='ocr_carea' id='block_1_8' title="bbox 194 3454 1091 3521">
    <p class='ocr_par' dir='ltr' id='par_1_19' title="bbox 194 3454 1091 3521">
     <span class='ocr_line' id='line_1_37' title="bbox 194 3454 1091 3521; baseline 0.002 -12"><span class='ocrx_word' id='word_1_219' title='bbox 194 3457 252 3509; x_wconf 78' lang='grc'><strong>658.</strong></span> <span class='ocrx_word' id='word_1_220' title='bbox 272 3455 363 3508; x_wconf 85' lang='lat' dir='ltr'><strong>Schol.</strong></span> <span class='ocrx_word' id='word_1_221' title='bbox 377 3455 526 3506; x_wconf 78' lang='lat' dir='ltr'><strong>Anchisae.</strong></span> <span class='ocrx_word' id='word_1_222' title='bbox 567 3457 627 3506; x_wconf 70' lang='lat'>67¹2.</span> <span class='ocrx_word' id='word_1_223' title='bbox 647 3456 790 3521; x_wconf 86' lang='lat' dir='ltr'><strong>Luppenb.</strong></span> <span class='ocrx_word' id='word_1_224' title='bbox 810 3454 964 3520; x_wconf 84' lang='lat' dir='ltr'><strong>superadde</strong></span> <span class='ocrx_word' id='word_1_225' title='bbox 983 3471 1091 3511; x_wconf 84' lang='lat' dir='ltr'><strong>novem.</strong></span> 
     </span>
    </p>
   </div>
   <div class='ocr_carea' id='block_1_9' title="bbox 0 0 1292 3976">
    <p class='ocr_par' dir='ltr' id='par_1_20' title="bbox 0 0 1292 3976">
     <span class='ocr_line' id='line_1_38' title="bbox 0 0 1292 3976; baseline 0 0"><span class='ocrx_word' id='word_1_226' title='bbox 0 0 1292 3976; x_wconf 95' lang='lat' dir='ltr'><strong> </strong></span> 
     </span>
    </p>
   </div>
  </div>
 </body>
</html>
