2592 3978
432 191 494 241 Lib.
514 190 535 240 Ι.
570 207 594 242 ν.
615 193 759 242 tae-152.

116 345 266 425 Perspicit
289 353 319 406 et
341 344 460 405 Troiam
483 361 537 403 rex
559 345 664 426 munit,
688 345 806 406 moenia
829 345 909 424 lapsa
951 365 954 376 ·

160 431 258 509 Erigit
281 437 311 490 et
333 446 435 490 muros
458 426 667 507 amplificando
691 428 795 498 trahit;

117 516 304 578 constructis
327 515 422 593 portis
445 514 572 591 imponit
595 515 724 584 nomina,
748 512 867 594 supplet

159 601 283 662 Amnem
307 596 486 678 neglectum,
510 599 609 659 lirmat
631 599 742 680 ubique
765 600 873 669 locum,

116 688 161 749 Ex
184 703 271 746 muro
295 692 394 746 turres
416 690 446 744 et
468 684 691 762 propugnacula
714 691 851 764 surgunt,

161 771 261 831 Firma
284 771 393 830 virtute
415 768 558 847 Pergama
581 776 660 830 stare
682 769 774 830 vides.

118 855 185 918 Non
208 865 277 916 sunt
300 855 422 925 munita,
445 861 515 914 sunt
538 855 744 924 munitissima,
769 862 893 934 possent

162 939 242 1001 luter
265 937 418 1020 praeclara
441 956 550 999 nornen
573 937 683 999 habere
707 938 781 1000 loca.

117 1025 211 1102 Regia
234 1026 332 1102 surgit
353 1022 396 1084 ibi
419 1021 598 1084 sublimibus
622 1022 680 1085 alta
702 1021 859 1095 columnis,

161 1109 216 1169 llic
238 1109 296 1170 sibi
319 1107 467 1169 culturam
489 1107 619 1168 vindicat
640 1127 690 1170 ara
714 1109 806 1172 Jovis.

119 1194 229 1255 Versus
252 1195 411 1257 Paeoniam
433 1194 527 1254 sortes
550 1192 666 1254 adscire
689 1193 820 1264 Quirites

163 1279 205 1339 Ad
228 1281 321 1359 patris
342 1279 501 1356 imperium
524 1277 628 1356 dirigit
649 1278 760 1340 Hector
783 1280 849 1344 iter.

249 1460 397 1516 DIVERSI
415 1459 502 1514 LUDI
519 1458 685 1513 MILITIAE
703 1459 957 1521 Exnucuuruu.

122 1584 204 1647 Urbe
226 1585 387 1644 reformata
410 1599 490 1644 nunc
512 1600 565 1642 rex
587 1590 618 1643 et
639 1563 699 1644 tota
722 1583 847 1644 relortat

163 1670 259 1748 Regni
281 1667 441 1747 praesidia,
465 1666 535 1728 litus
558 1685 659 1729 arasse
681 1675 774 1748 putat.

96 1754 266 1832 ¹Pergama
289 1751 414 1814 militiae
436 1768 496 1811 non
519 1751 615 1812 solum
637 1751 712 1812 flore
735 1761 859 1814 coronat

163 1839 258 1900 lmmo
281 1836 378 1917 replet
399 1837 544 1904 Priamus,
569 1836 664 1898 milite
686 1845 747 1898 tota
771 1838 857 1916 viget.
880 1833 891 1850 ’

121 1924 240 2002 Regalis
262 1925 345 1984 vario
368 1921 494 1982 laetatur
518 1923 599 1983 curia
622 1920 702 1988 ludo.

164 2009 197 2070 ln
220 2009 324 2088 quavis
347 2005 431 2067 audis
453 2007 584 2068 carmina
606 2005 682 2068 laeta
706 2005 804 2068 domo.

122 2093 165 2156 Ne
188 2099 288 2153 tamen
310 2093 447 2170 ignavum
472 2098 649 2152 consumant
670 2095 731 2153 otia
755 2110 865 2172 corpus

164 2175 297 2239 Militiam
321 2175 467 2246 recolunt,
492 2177 579 2237 sortia
604 2177 695 2238 multa
718 2186 841 2254 gerunt;

123 2263 273 2341 Segnities
295 2279 414 2323 causam
438 2260 561 2321 dederat
583 2263 662 2340 quia,
686 2260 886 2340 proditionem

166 2347 320 2428 Hcsyonae
343 2346 468 2414 decoris
492 2345 701 2406 Laomedontis
724 2364 809 2424 opus.

123 2433 200 2494 Tota
222 2432 395 2509 recognovit
417 2429 466 2491 hic
488 2431 613 2500 moenia,
638 2429 778 2491 desidiosi
1040 2441 1090 2490 145

167 2515 249 2588 Quae
272 2516 388 2596 pridem
411 2516 486 2576 tanti
509 2533 597 2575 causa
619 2515 705 2576 luere
723 2514 808 2576 mali.

123 2601 240 2664 Desidia
262 2603 384 2678 aurigae
407 2616 467 2659 non
490 2599 572 2661 audit
595 2599 718 2662 verbera
741 2618 857 2672 curcua,

167 2685 308 2766 Displicet
330 2702 401 2764 ergo
424 2685 493 2745 duci
516 2684 664 2746 desidiosa
686 2686 786 2762 sequi;

124 2770 187 2832 Nec
209 2789 315 2834 manus
336 2770 481 2846 agnoscit,
504 2788 592 2848 quern
615 2789 676 2831 non
699 2773 843 2839 exercuit,
867 2789 969 2832 arcum

168 2856 247 2936 Tyro
269 2857 444 2934 frequenter
467 2853 505 2915 ob
528 2853 585 2916 hoc
607 2857 700 2916 mittit
721 2855 757 2916 ad
781 2873 861 2916 arma
885 2874 1015 2920 manum.
1042 2865 1092 2916 150

277 3018 455 3075 ANTENOR
471 3019 652 3074 MIT'I'ITUR
668 3018 740 3074 PRO
758 3019 939 3076 HESYONE.

122 3142 186 3203 Rex
211 3138 291 3204 videt
313 3150 346 3204 ut
368 3146 455 3222 regni
477 3141 607 3205 stabilita
630 3145 760 3222 negotia,
785 3151 915 3204 mentem
1025 3187 1028 3194 ,

168 3225 285 3305 Colligit
308 3236 339 3290 et
360 3229 475 3309 proprii
497 3228 596 3290 cordis
618 3230 650 3289 in
673 3246 742 3290 arva
764 3228 858 3296 redit;

195 3431 251 3481 147.
287 3429 432 3483 Claudiam
465 3431 499 3482 de
535 3431 640 3483 consul.
675 3431 764 3482 Mallii
800 3429 939 3482 Theodori
973 3447 999 3484 v.
1034 3435 1091 3484 187.

122 3499 183 3550 149.
216 3514 235 3548 e
259 3497 405 3550 Claudiam
431 3499 463 3550 de
487 3515 561 3550 cons.
581 3499 656 3550 Meli.
675 3497 778 3550 Theod.
802 3498 904 3550 v.188.
995 3497 998 3500 ’
