2590 3984
454 187 517 240 niu.
535 187 585 238 111.
621 203 647 242 v.
661 189 758 266 leaeo.

448 339 560 401 LIBER
584 339 758 402 TERTIUS.

281 451 470 510 INCIPIUNT
489 451 670 508 CAPITULA
688 453 813 508 TERTII
830 453 936 508 LlBItl.
1011 445 1015 450 ¹

125 559 254 629 Tertius,
278 577 294 620 a
317 558 437 639 specula
460 557 632 638 speculatur
653 568 795 638 sextaque
817 576 915 640 pugna

125 645 227 723 Surgit
249 660 375 725 eamque
396 661 526 721 sequens
548 642 649 704 decies
670 652 772 705 manet
793 654 860 705 octo
883 642 998 705 diebus.

124 729 185 790 Pax
206 727 308 790 tribus
330 735 375 789 est
397 728 491 789 annis.
528 725 674 805 Pugnant.
711 727 772 789 Pax
794 746 898 789 meuse
920 738 1019 790 seouta
1036 736 1090 790 est.

124 812 207 875 Nona
230 811 295 874 dies
316 830 416 893 pugna
439 813 565 874 iteratur
587 830 642 892 per
664 811 827 874 duodenos.

74 922 79 934 r
124 897 185 958 Pax
207 913 262 976 per
284 896 433 958 tredonos.
471 896 527 957 llic
549 899 664 957 somnia
687 905 828 959 strenuus
849 897 960 960 llector
1073 906 1089 956 ὁ

124 981 256 1062 Despicit
277 982 389 1051 uxoris,
414 998 503 1059 quem
526 981 644 1042 saueius
665 981 774 1043 occidit
795 980 934 1044 Achilles.

123 1067 237 1143 Pugna.
274 1065 354 1128 Duos
376 1083 495 1126 menses
516 1075 563 1126 est
583 1084 651 1144 pax.
688 1065 736 1126 Fit
756 1084 810 1127 rex
831 1064 1015 1128 Palamedes.

126 1149 344 1230 Triptolemum
367 1151 473 1211 sternit
494 1149 657 1228 Sarpedon.
701 1151 762 1212 Pax
784 1150 871 1212 datur
894 1169 982 1212 anno.

125 1236 230 1296 Aufert
252 1231 373 1296 Pelidae
394 1251 528 1313 pugnare
552 1235 700 1296 Polixena.
738 1233 882 1313 Pugnant.
1187 1296 1192 1303 ,

124 1317 312 1397 Deiphobum
334 1320 457 1399 perimit
477 1316 652 1380 Palamedes
674 1326 705 1379 et
725 1317 810 1380 Paris
830 1322 937 1396 ipsum.
1059 1328 1091 1377 10

364 1486 610 1549 EXPLIOIUNT
640 1487 852 1549 CAPITULA.

382 1619 522 1672 INCIPIT
539 1621 652 1672 LIBER
668 1610 832 1676 TERTIUS.

317 1749 465 1806 HELENA
487 1752 511 1806 E
528 1751 633 1808 IIURO
657 1751 901 1808 SPECULA'I'UR.

126 1857 221 1930 Quam
242 1859 331 1918 tImor
353 1855 489 1927 obnubit,
512 1876 573 1919 non
596 1865 642 1918 est
663 1859 780 1919 sincera
802 1855 951 1938 voluptas;

168 1941 227 2003 llos
250 1950 295 2004 est
316 1940 436 2004 solliciti
459 1941 546 2021 plena
569 1943 686 2005 timoris
708 1961 801 2003 amor.

127 2028 151 2090 t
174 2025 295 2106 speoula
316 2024 469 2106 speculum
493 2026 651 2106 speculans
672 2026 831 2088 inamabile
855 2024 924 2087 belli

168 2108 270 2172 Turba
291 2108 433 2188 puellaris
455 2119 513 2172 stat
534 2109 722 2189 gemebunda
743 2113 824 2174 satis.
907 2111 909 2116 ’

126 2193 347 2276 operiebantur
369 2203 506 2257 eventum
529 2195 631 2256 blartis
653 2204 684 2257 et
705 2194 742 2257 ad
761 2211 849 2272 quem
1071 2204 1088 2253 a

168 2277 310 2340 Bellonae
331 2280 438 2341 viatrix
460 2280 504 2340 ala
529 2277 629 2342 volare
652 2278 728 2342 velit.
869 2355 872 2360 Ι

125 2363 181 2425 llio
202 2380 257 2443 pro
280 2361 388 2426 dilecto
410 2364 501 2441 gemit
523 2367 611 2426 anxia
633 2379 768 2444 quaeque
790 2365 905 2431 marito,

169 2447 302 2525 Corpore
322 2449 367 2510 vir
388 2465 529 2529 pugnarn,
552 2449 642 2510 corde
664 2446 765 2527 puella
787 2456 881 2527 parat.

127 2531 232 2594 Stabat
254 2540 284 2592 et
305 2529 490 2595 biodlelena
512 2532 694 2612 speculando
717 2531 851 2609 duosque
874 2533 996 2593 maritos

167 2616 248 2678 lotus
269 2617 444 2679 horrisonos
465 2616 643 2679 alterutrare
665 2617 752 2678 videt.
1058 2625 1091 2676 10

125 2700 197 2763 Plus
219 2702 250 2761 in
274 2699 422 2763 adulterio
443 2710 583 2782 tanquam
605 2700 713 2764 lasciva
736 2703 868 2764 savorem

168 2784 263 2857 Quam
286 2785 343 2847 sibi
366 2803 507 2848 concesso
530 2785 659 2851 ferverat
680 2784 730 2848 illa
753 2787 848 2847 thoro.

125 2868 256 2930 Nitimur
278 2870 309 2931 in
332 2872 453 2933 vetitum
476 2889 596 2951 semper
618 2873 813 2951 cupimusque
836 2878 952 2948 negata,

194 3071 217 3119 6.
254 3072 470 3138 superseriptum
496 3072 595 3123 verbo:
628 3077 717 3127 ooeat.
788 3074 813 3124 ⁴l.
850 3073 957 3138 Pugna.
992 3073 1091 3139 Super·

4 3181 5 3196 ,
126 3136 259 3204 seriptum
277 3139 357 3204 „fit‘t

195 3208 218 3255 1.
235 3205 369 3272 Anonym.
386 3207 523 3259 Novellel.
541 3222 567 3274 p.
584 3210 644 3263 495.
662 3208 709 3258 lin.
728 3210 750 3259 9.
772 3210 819 3261 1οτ

228 3274 315 3336 Quam
331 3276 415 3326 timor
433 3275 550 3326 obnubit
568 3291 621 3327 nou
641 3281 683 3327 est
701 3277 812 3328 alnoera
826 3275 955 3340 voluptas

260 3340 322 3392 Non
341 3347 385 3394 eat
402 3341 524 3393 sollioito
543 3342 629 3394 duleis
648 3344 677 3392 in
695 3358 742 3394 ore
761 3344 849 3394 nibus.

124 3411 148 3459 2.
168 3422 275 3474 margo:
296 3409 360 3462 ideo
377 3409 430 3460 boo
448 3409 510 3462 dieo
528 3410 601 3476 quod
618 3426 674 3461 res.
693 3411 787 3462 Ovidii
805 3416 856 3463 ast.
875 3409 988 3464 Horold.
1006 3412 1028 3475 Ι,
1048 3413 1090 3464 12.

125 3479 167 3528 12.
195 3473 291 3529 firmat.
380 3480 420 3531 la.
457 3478 507 3527 Ov.
525 3479 614 3529 Amor.
641 3478 798 3539 111,4,1t.
