2592 3978
198 161 243 225 24
521 165 584 219 nan.
601 166 623 220 1.
658 181 684 216 v.
701 167 845 216 eoo-eae.

242 315 318 376 Rex!
341 315 429 377 decet
449 324 490 384 ut,
515 318 591 376 vires
614 319 770 395 experiare
792 326 868 377 tuas.

199 401 271 462 llico
293 419 347 460 rex
368 419 424 479 pro
447 400 590 461 militibus
612 417 673 460 non
696 401 828 478 segniter
850 405 895 462 ire
1120 413 1183 462 405
1285 447 1286 470 l

241 485 401 546 Paeoniam
423 483 561 546 Paridem
584 484 830 564 Deiphobumque
849 485 944 564 jubet.
973 551 975 556 ,

291 631 448 687 bucinus
465 631 701 687 RECITANTUR
718 631 837 687 GESTA
854 632 1075 688 ANTENORIS.

154 737 159 745 '
197 739 239 800 Ut
261 741 347 798 heret
368 755 472 798 rerum
496 735 614 796 collatio
636 735 735 814 digna,
758 739 840 806 citati

242 823 275 883 ln
300 830 417 882 coetum
441 823 563 881 veniunt
585 838 657 898 rege
679 819 802 882 iubente
824 821 927 884 eluces,

201 904 361 983 Suhjectos
382 914 454 966 natu
476 904 642 984 majoribus
665 923 731 965 esse
753 906 884 966 minores

241 989 375 1058 blandam
399 991 560 1050 honestatis
584 991 652 1058 lert,
675 992 725 1060 ait,
749 988 798 1050 illa
816 989 898 1050 liber
1114 1001 1171 1050 410

160 1149 163 1158 ‘
197 1075 371 1154 Importuua
394 1075 491 1133 minor
514 1091 573 1133 non
599 1074 705 1134 sentiat
727 1106 778 1143 —-,
802 1073 889 1135 ambo
912 1075 1059 1154 superbos

241 1157 372 1219 Solertes
395 1157 533 1218 studeant
555 1158 677 1217 exiliare
701 1159 818 1218 modos:

198 1244 304 1321 iungat
325 1243 452 1303 amicitia
476 1243 581 1310 socios,
606 1249 762 1302 consumat
784 1241 927 1304 honestus

240 1327 277 1388 Et
300 1328 376 1387 bene
399 1323 492 1387 dulcis
514 1345 597 1386 amor
619 1328 649 1386 in
672 1327 798 1404 paritate
821 1345 918 1403 pares

200 1411 256 1482 Qui
279 1414 395 1492 positus
418 1411 509 1470 luerit
530 1413 702 1488 capitaneus
724 1410 871 1479 omnibus,
895 1429 954 1472 una

240 1496 274 1556 ln
297 1511 455 1556 commuue
478 1493 573 1554 huius
596 1497 634 1554 sit
655 1493 773 1556 socialis
795 1494 897 1556 herus.

196 1580 314 1640 Primus
336 1582 416 1640 iussa
439 1578 529 1646 lerat;
554 1586 624 1638 tunc
647 1577 852 1638 observantior
874 1581 962 1657 aequi

240 1664 287 1724 Fit
308 1664 444 1742 populna,
467 1662 577 1742 populo
600 1672 682 1740 grata
704 1671 807 1742 parata
833 1681 945 1723 manus.

198 1747 354 1827 Dapsilitas
377 1749 463 1808 etiam
488 1748 551 1825 regi
574 1747 727 1826 praeclara
750 1747 891 1806 monebat

240 1833 374 1900 Nomina,
399 1833 425 1892 si
448 1850 501 1894 sua
524 1831 574 1891 dat
595 1833 680 1890 xenia
705 1839 802 1891 mente
825 1832 896 1898 cito;

200 1912 344 1993 Denigrat
366 1917 504 1976 meritum
529 1915 627 1976 dantis
640 1933 743 1982 mora,
768 1915 904 1994 iactaque
926 1915 1033 1993 raptim

240 2001 345 2062 Omnia
366 1998 433 2079 plus
454 1999 550 2060 laudis
570 1999 697 2078 plusque
720 2000 834 2058 lavoris
857 1997 976 2060 hahent.

197 2083 355 2152 Exhibeat,
379 2084 549 2163 quicunque
572 2086 659 2161 regit,
685 2082 862 2144 documenta
885 2084 1010 2153 favoris;

240 2167 287 2230 Nil
309 2165 386 2227 valet
407 2168 455 2227 hic
478 2175 586 2245 terror,
609 2167 678 2246 plus
700 2174 816 2247 optatus
839 2185 931 2228 amor.

198 2253 254 2324 Qui
278 2260 380 2321 terret,
404 2249 471 2331 plus
493 2253 557 2330 ipse
580 2253 678 2320 timet;
702 2270 768 2312 sors
790 2254 847 2312 ista
872 2254 1003 2330 tyrannis

241 2338 396 2406 Convenit,
419 2338 449 2396 io
473 2336 561 2397 sociis
584 2335 659 2396 absit
680 2342 713 2394 ut
734 2337 798 2404 ista,
822 2343 937 2396 sonent.

199 2423 299 2496 riguus
322 2423 352 2481 in
375 2421 512 2498 hospitiis
535 2429 564 2480 et
586 2423 623 2478 sit
644 2418 692 2479 leo
714 2419 800 2480 miles
823 2423 854 2480 in
878 2422 977 2487 armis,

241 2504 399 2583 Nunquam
421 2506 544 2564 virtutes
566 2506 682 2566 intonet
704 2505 766 2582 ipse
789 2521 866 2564 suas.

199 2587 224 2647 0
247 2605 389 2664 proceres
412 2589 492 2648 scitis
515 2588 593 2664 quod
616 2589 652 2646 sit
674 2589 738 2648 sine
761 2587 877 2647 uindice
899 2585 987 2666 longo

240 2672 264 2732 h
286 2671 407 2731 Graecis
431 2676 501 2731 trita
523 2673 618 2750 patria
641 2679 741 2732 nostra
764 2670 884 2750 probro.

198 2757 331 2816 Antenor
353 2756 498 2834 quaesivit
521 2753 556 2814 ab
579 2755 626 2814 his
648 2758 843 2816 transmissus
865 2763 895 2816 et
917 2775 932 2815 a
957 2774 1013 2824 me,

242 2838 356 2900 Vellent
378 2839 501 2900 emenda
525 2841 551 2900 si
575 2841 688 2899 variare
711 2839 831 2919 probra.

198 2923 262 2995 llic,
286 2923 366 2985 velut
388 2943 403 2984 a
427 2922 515 2983 nobis
538 2932 701 3003 acceperat,
726 2927 825 3001 arguit
847 2928 940 3002 Argos

242 3005 391 3087 Expositis
413 3007 515 3086 spoliis
538 3009 719 3086 interituque
741 3009 852 3088 patris:

265 3176 324 3225 417.
344 3173 493 3224 Claudiani
516 3179 558 3223 est
582 3175 617 3225 ed
634 3177 674 3226 IV
695 3190 769 3229 tatone¹
793 3175 895 3226 Honor.
914 3177 973 3227 296.
993 3178 1035 3228 si.
1104 3179 1170 3228 419.

198 3259 233 3294 ex
259 3243 396 3306 margine,
420 3241 481 3290 cod.
500 3243 639 3294 manebat.
707 3243 766 3293 420.
785 3259 819 3292 ex
836 3245 972 3309 margine,
995 3258 1044 3308 pro
1063 3245 1171 3306 „ximio

197 3309 314 3358 mente⁸‘.
384 3311 442 3360 430.
463 3324 477 3357 e
500 3309 623 3372 margine
640 3325 689 3373 pro
708 3309 812 3361 codicis
830 3309 893 3360 l'rn.
962 3313 1022 3362 432.
1042 3311 1172 3362 emenda.

198 3375 363 3438 satisfactio,
383 3374 476 3424 differt
496 3391 512 3424 a
531 3373 639 3438 mulcta,
658 3374 836 3438 qunejudici‚
856 3377 962 3428 emend.
983 3379 1057 3444 parti
1069 3377 1171 3429 laesae

197 3443 286 3490 datur.
