2574 3976
440 186 499 237 Lib.
519 187 550 240 V.
587 201 611 237 v.
631 186 791 235 ooo-1020.

137 339 196 401 Sed
218 338 288 400 licet
311 341 431 417 egregie
446 338 546 399 iacies
568 344 619 399 tue
641 342 792 415 computet
814 353 936 406 annos,-

178 424 263 485 lntus
284 441 346 484 rex
359 421 471 503 aliquid
493 439 619 501 corpore
642 419 737 500 pluris
759 419 860 481 hebes.

136 508 266 570 Consilio
288 506 380 586 pollet
401 508 450 567 cui
472 507 528 566 vim
552 514 658 566 nature
681 506 807 584 negavit,
1051 510 1102 560 995

82 637 86 644 .
181 591 218 653 Et
240 589 375 672 probitas
397 608 520 670 magnos
541 591 756 670 ingeniumque
778 588 856 649 lecit.

139 676 245 738 Omnia
267 675 418 744 labuntur,
442 675 482 735 nil
507 692 565 734 non
589 673 714 735 mortale
735 683 872 734 tenemus

181 760 316 822 Pectoris
339 762 471 840 exceptis
493 760 664 836 ingeniique
687 758 782 819 bonis.

138 843 203 906 Non
227 853 276 906 tue
299 847 446 922 tantisper
468 851 513 904 est
534 842 674 905 inclinate
697 849 836 920 potestas,

181 929 220 990 Ut
242 937 332 1008 ceput
354 929 478 990 alterius
501 945 558 988 non
583 926 715 989 relevere
738 943 838 1003 queas·
1038 933 1104 982 1000

137 1013 213 1074 Sunt
237 1013 348 1091 populi,
372 1022 442 1074 sunt
464 1029 545 1073 erma
569 1012 633 1082 tibi,
656 1009 711 1072 tihi
733 1011 817 1088 copie
842 1027 953 1080 rerum,

179 1098 253 1158 'lota
276 1115 331 1158 neo
353 1099 469 1160 interiit
490 1115 622 1176 purpura
647 1094 725 1157 claro
750 1094 866 1156 ducum.

137 1181 213 1244 Sunt
234 1178 298 1252 tibi,
323 1188 392 1242 sunt
413 1182 514 1242 hostes
536 1184 617 1242 terro
640 1178 781 1259 clavaque
804 1175 953 1247 domandi,

181 1266 270 1346 Spem
293 1267 428 1345 quamvis
451 1274 480 1325 et
502 1284 565 1325 rem
588 1263 674 1342 plebs
696 1269 784 1340 neget
806 1265 861 1324 iste
885 1261 947 1323 tihi.

139 1348 204 1410 Non
226 1347 320 1428 pudet
341 1350 473 1410 Antenor
494 1357 533 1418 te,
557 1348 635 1426 quod
659 1346 803 1408 vexillifer
826 1346 873 1406 his
895 1363 939 1415 es,
1037 1356 1102 1405 1005

181 1433 303 1493 Vertere
326 1434 377 1512 qui
400 1433 519 1514 clypeos
543 1441 572 1493 et
593 1433 665 1493 dore
686 1441 776 1509 terge
793 1428 908 1490 solenti

139 1518 276 1594 Degener
299 1535 341 1583 es,
365 1519 390 1577 si
413 1517 578 1594 degeneres
601 1535 616 1577 0
639 1533 724 1576 more
746 1523 915 1595 parentum,

181 1600 246 1662 Non
270 1619 305 1662 ee
329 1609 500 1663 nostrorum
524 1610 593 1662 sunt
615 1606 805 1661 monuments
828 1606 956 1678 patrum.

137 1685 232 1747 lmmo
256 1683 430 1764 recolligere
454 1685 607 1764 populum,
631 1684 736 1745 sedare
758 1682 916 1744 tumultum

185 1769 293 1841 Debes,
318 1777 348 1831 et
369 1769 482 1850 pavidis
505 1789 557 1830 cor
579 1787 718 1830 recreare
741 1787 860 1830 novum.
1041 1775 1108 1825 1010

139 1853 201 1914 lllis
224 1855 303 1915 uniri
326 1873 385 1915 non
409 1864 455 1915 est
476 1853 632 1915 meniieste
654 1853 822 1934 phrenesis,

181 1938 343 2000 lotenrlunt
366 1947 497 1999 nostram
520 1941 571 2017 qui
592 1937 729 2018 jugulare
751 1935 869 2015 gulam?

139 2023 206 2084 Non
229 2025 273 2084 sic
295 2024 439 2094 Antenor,
461 2041 520 2084 non
544 2025 602 2091 sie·
626 2023 677 2084 sed
701 2025 815 2092 amicus
836 2021 948 2090 amicis,

180 2108 218 2169 Et
240 2109 339 2169 socius
360 2109 457 2178 sociis,
481 2107 614 2168 lrostihus
636 2106 731 2167 hostis
754 2109 824 2168 eris.

139 2190 264 2253 Consilii
285 2192 317 2251 tit
339 2209 454 2252 summe
476 2193 544 2263 mei,
568 2189 646 2271 quod
667 2190 714 2251 vel
736 2207 913 2270 superemur
1042 2199 1106 2248 1015

182 2275 328 2336 Funditus
350 2293 367 2337 a
389 2276 511 2337 Graecis
532 2275 579 2336 vel
601 2292 778 2355 superemus
802 2292 865 2335 eos.

139 2361 197 2420 Aut
218 2359 387 2420 evimamus
409 2358 693 2424 outoccumhemus
714 2358 848 2430 honeste,

181 2443 307 2504 Mortem
330 2460 400 2512 uon,
424 2445 512 2504 vitam
535 2445 633 2503 rivere
656 2442 722 2503 dico
745 2442 831 2502 mole.

139 2527 177 2588 Et
198 2528 243 2588 sic
265 2526 441 2598 instimulat,
466 2535 656 2605 veteremque
679 2527 837 2588 resuscitet
858 2527 933 2587 iram

181 2610 330 2689 Principis
351 2612 592 2692 Amphimachus,
617 2611 694 2673 belle
717 2629 837 2672 movere
859 2623 952 2673 retus.
1040 2624 1107 2672 1000

139 2847 197 2897 995.
216 2847 316 2899 Oeten.
334 2846 398 2900 dist.
416 2847 453 2910 11,
471 2849 495 2898 9.
558 2849 616 2899 996.
635 2848 686 2902 Ov.
704 2848 785 2898 Pont.
803 2847 824 2909 1,
842 2849 866 2908 9,
884 2849 926 2898 39,
945 2848 992 2898 sed
1010 2863 1051 2912 pr.
1070 2863 1106 2905 m.

139 2913 156 2968 i.
176 2929 200 2978 q,
218 2913 236 2963 f.
307 2915 653 2992 esu.98.0v.l*tpt.v1‚
674 2917 731 2967 lli.
751 2915 835 2964 Trist.
855 2915 906 2977 ΙΙΙ,
926 2917 949 2977 7,
967 2917 1008 2965 43.
1028 2919 1062 2966 44

323 2981 459 3046 Tempore
476 2982 616 3047 labuntur,
634 2982 675 3031 nil
691 2997 747 3032 non
763 2997 798 3030 m.
818 2987 838 3031 t.
857 2987 909 3032 etc.
996 3033 998 3044 ,

139 3050 215 3100 1011.
233 3049 296 3100 Juv.
315 3053 401 3113 satyr.
419 3048 491 3112 XIV,
511 3051 559 3101 136

194 3115 261 3166 Cum
280 3116 356 3167 furor
372 3115 447 3166 houd
466 3116 574 3181 dubius,
592 3131 652 3168 curn
670 3118 708 3167 sit
725 3116 872 3166 manifeste
889 3117 1042 3182 phrenesis.

139 3184 213 3235 1018.
231 3183 405 3246 (Maximino)
423 3184 447 3248 1,
464 3185 514 3235 265

248 3252 336 3304 Morte
354 3252 422 3302 mori
440 3250 549 3317 melius,
569 3255 647 3317 quem
666 3253 752 3303 vitem
771 3251 872 3302 ducere
889 3252 993 3306 mortis.
