2574 3976
194 191 255 256 162
513 195 575 244 Lis.
594 195 625 247 V.
661 153 686 248 l.
705 195 848 245 ora-oar.
895 170 900 180 ’

192 347 253 407 lter
277 346 404 428 populos
426 347 523 407 accito
545 362 637 405 novos
660 354 690 405 et
712 351 833 405 contere
857 353 969 424 gentes,
1044 420 1049 428 Ι

238 429 275 491 Ut
297 439 367 492 tuus
390 438 420 490 et
441 431 555 510 patriae
578 436 773 509 perpetuatur
796 428 907 490 honos:

195 515 314 576 Fortior
335 516 367 576 in
389 512 468 576 fulva
491 531 585 574 novus
607 523 652 574 est
674 513 818 591 gladiator
842 531 942 584 arena,

235 600 330 671 Quam
353 601 401 659 cui
422 605 492 660 sunt
515 604 596 658 tanta
618 596 739 658 brachia
762 598 840 658 lessa
862 615 957 658 mora.

194 685 314 763 Integer
338 692 382 744 est
405 683 510 744 melior
533 680 636 742 nitidis
658 680 801 760 gladiator
824 684 855 741 in
880 683 979 751 armis,

237 767 332 838 Quam
355 769 404 829 cui
425 768 483 828 tela
506 785 559 827 suo
582 767 727 842 sanguine
751 768 843 826 tincta
866 765 986 827 rubent.

193 853 342 914 Deficiunt
363 851 454 912 validi
476 852 619 926 longaevo
641 857 778 928 tempore
800 853 878 912 tauri

235 937 271 998 Et
292 936 442 1017 quondam
464 937 562 1013 turpis
584 936 615 995 lit
638 934 725 994 modo
749 931 873 1013 pulcher
895 951 999 1011 equus.

194 1020 254 1082 Nos
277 1037 395 1100 quoque
418 1019 571 1080 deficimus
593 1016 674 1096 longi
696 1017 856 1080 luctamine
879 1018 961 1089 belli,

238 1103 311 1174 Quis
335 1105 398 1163 sine
421 1105 479 1164 line
502 1110 600 1182 potest
621 1110 666 1163 tot
686 1102 762 1163 mala
787 1110 904 1183 tamque
927 1104 1005 1180 pati?

195 1189 280 1251 Unde
302 1189 363 1267 pati
385 1205 490 1268 pacem
512 1189 649 1267 petimus,
673 1185 843 1266 bellumque
865 1186 980 1266 repelli,

241 1273 394 1334 Sudarunt
416 1271 502 1335 bellis
525 1271 648 1332 brachia
671 1279 772 1332 nostra
795 1273 877 1333 satie.

195 1361 301 1420 Tutius
326 1365 379 1428 est,
403 1363 564 1436 aptumque
586 1358 692 1434 magis,
716 1354 869 1417 discedere
892 1373 976 1435 pace,

240 1439 334 1512 Quem
357 1459 477 1520 semper
499 1439 576 1501 bella
599 1439 727 1518 litigiosa
750 1444 844 1518 sequi.

195 1528 306 1589 Omnes
329 1527 420 1587 vincit
441 1543 513 1602 opes
535 1542 670 1586 securam
695 1524 805 1585 ducere
828 1525 927 1595 vitam,

235 1611 373 1672 [leterius
396 1609 472 1670 nihil
494 1616 550 1680 est,
574 1626 663 1688 quam
686 1610 778 1669 miser
801 1627 872 1670 usus
894 1627 994 1688 opum.

194 1695 314 1758 Scilicet
336 1695 489 1774 ingeniant
512 1701 609 1754 totum
633 1709 809 1754 consumere
831 1701 973 1771 regnum.

237 1780 273 1840 Et
295 1796 349 1840 nos
372 1786 402 1839 et
424 1777 519 1840 claras
540 1776 750 1839 Laomedontis
773 1795 854 1857 opes.

196 1865 311 1926 Orex!
335 1884 352 1924 o
375 1862 586 1941 Priamei'pax
609 1861 696 1923 detur
718 1877 834 1942 paxque
856 1863 992 1940 rogetur!

237 1946 367 2009 Alterius
390 1964 450 2007 non
473 1949 519 2016 sit,
542 1947 595 2025 qui
616 1964 687 2007 suus
711 1963 775 2006 esse
798 1952 906 2024 potest.

399 2125 671 2199 [mortuorunm
689 2125 948 2195 Amflrulcnm

193 2250 425 2330 Amphimachus
449 2248 649 2311 stomachatur
672 2247 812 2319 adhaec,
838 2259 901 2311 erat
923 2249 971 2309 hic
987 2249 1168 2311 adolescens

238 2335 275 2396 Et
296 2337 383 2397 sortis
405 2334 515 2395 Priami
539 2332 625 2404 lilius,
649 2335 705 2394 ista
727 2332 861 2412 loquens.

267 2537 412 2588 916-918.
431 2535 512 2587 Ouid.
531 2535 617 2585 Trist.
634 2534 683 2600 lv,
702 2536 726 2597 6,
746 2536 848 2586 31-34

334 2605 445 2654 Fortior
463 2604 493 2652 in
510 2601 588 2654 fulve
604 2617 692 2653 novus
712 2607 756 2652 est
772 2601 893 2652 luctator
911 2617 1005 2664 arena,

365 2671 453 2732 Quam
472 2671 518 2720 cni
536 2673 600 2720 sunt
618 2668 701 2718 tarda
719 2668 830 2720 brechia
849 2671 925 2720 fessa
943 2685 1026 2720 mora.

259 2777 261 2780 .
330 2740 445 2803 Integer
463 2741 506 2786 est
523 2736 619 2786 nitidis
637 2735 733 2785 melior
750 2736 890 2800 gladiator
907 2739 936 2786 in
954 2738 1044 2800 armis,

364 2805 452 2866 Quam
469 2805 514 2855 cui
531 2803 588 2853 tela
607 2818 656 2854 ano
674 2804 809 2868 sanguine
829 2805 919 2855 tincto.
936 2806 1046 2856 rubent.

194 2877 253 2930 919,
272 2875 314 2925 20.
333 2871 516 2936 (Maximino.)
534 2869 613 2935 Eleg.
632 2869 653 2933 Ι,
672 2871 730 2926 269,
750 2872 790 2925 70.

259 2976 261 2982 .
313 2939 455 2992 Deficiunt
472 2938 560 2992 velidi
576 2937 714 3004 longaevo
731 2943 854 3003 tempore
872 2939 960 2990 tauri:

347 3007 392 3071 Et,
412 3007 548 3072 quondam
566 3005 690 3072 pulcher,
709 3005 741 3056 fit
757 3007 837 3056 modo
854 3007 944 3072 turpis
962 3021 1058 3072 equus.

195 3079 255 3128 nat.
275 3074 355 3130 ovid.
374 3074 487 3126 Remed.
505 3075 565 3125 669.
636 3075 694 3126 926.
713 3073 833 3122 imitatio
851 3073 902 3128 Ov.
920 3074 997 3128 Rem.
1016 3075 1074 3124 670.

193 3157 195 3162 ’
365 3141 456 3204 Quem
474 3147 571 3207 petere
590 3157 608 3190 e
626 3138 757 3190 thalamis
776 3140 899 3206 litigiosa
918 3141 987 3192 lore.

195 3211 317 3263 92168.
339 3208 426 3260 Anon.
449 3209 546 3261 Nevel.
570 3223 598 3272 p.
617 3209 666 3259 696
689 3206 738 3258 lin.
758 3209 799 3257 15.
820 3210 851 3258 16
877 3207 928 3260 hos
949 3223 1045 3259 versus
1068 3207 1170 3276 hebet,

194 3285 289 3329 tamen
307 3281 390 3328 sonet
408 3276 544 3327 secundus

325 3343 480 3408 Pauperius
497 3343 568 3394 nihil
586 3347 630 3393 eat
648 3357 730 3407 quem
748 3343 836 3393 malus
854 3358 921 3394 usus
939 3358 1029 3408 opum.

196 3414 254 3466 032.
275 3412 362 3464 Anon.
380 3409 478 3462 Nevel.
495 3427 523 3476 p.
543 3411 599 3461 502.
618 3409 666 3464 lin.
685 3410 771 3460 ultim.
823 3412 882 3462 933.
902 3411 953 3460 cfr.
973 3409 1066 3464 Gualt.
1084 3409 1171 3463 Alex.

194 3481 244 3540 tv,
265 3481 322 3528 131.
376 3476 503 3528 Consulis
522 3478 664 3528 arbitrium
682 3476 748 3526 tulit
767 3492 848 3542 aegre
867 3478 984 3541 Magnus
1003 3480 1057 3530 etc.
