2592 3978
191 657 358 724 imorem
380 655 647 722 PROOEMIUM
662 655 712 724 ru
733 655 931 723 uncinum
944 656 1165 724 Μιιιιιιιιι

194 758 385 840 ananam
427 757 617 824 aecanos
660 757 863 824 sauouan
905 757 1163 825 monrium

195 859 370 944 suanm,
399 859 475 936 om
502 859 671 926 rosina
698 857 863 926 nocuus
885 859 967 927 usu
989 859 1164 927 unauna

497 960 641 1027 uruca
665 961 858 1046 [assumat

196 1119 330 1198 Impetus
353 1119 404 1180 ille
427 1135 525 1189 sacer,
550 1119 600 1196 qui
622 1126 720 1179 vatum
743 1127 864 1198 pectora
888 1119 994 1190 nutrit,

194 1205 337 1266 Diversos
359 1204 465 1266 studiis
487 1204 611 1265 diversis
634 1211 773 1282 occupat,
798 1212 896 1264 etms

195 1290 363 1359 Materiam,
388 1290 522 1368 quamvis
545 1289 666 1356 inuitus,
691 1290 780 1349 traxit
802 1289 837 1349 ad
860 1291 961 1358 istam;

195 1375 342 1454 Certaque
365 1392 432 1435 cum
456 1373 580 1435 dederat
602 1374 701 1434 animo
724 1375 872 1435 sententia
894 1375 994 1442 finem,

196 1459 258 1520 Hac
282 1465 314 1522 ut
335 1458 373 1520 ad
395 1459 534 1540 incudem
558 1477 625 1519 oum
649 1476 746 1520 massa
769 1460 893 1520 malleus
916 1461 982 1528 iret,
1147 1467 1186 1516 ov

195 1543 260 1615 Quo
281 1547 381 1622 potius
404 1562 538 1613 numero,
563 1561 630 1603 cum
654 1544 750 1604 tristia
774 1541 850 1605 bella
866 1551 1002 1613 sonaret,
1110 1564 1112 1570 ·

194 1630 254 1690 Res
278 1647 311 1689 ea
335 1630 485 1708 transiret,
508 1625 668 1689 haerebam
694 1634 828 1705 tempore
850 1626 940 1706 longo

195 1713 349 1774 Pendulus
373 1719 407 1773 et
424 1711 547 1781 dubius;
572 1730 639 1772 oum
663 1714 793 1791 scriptor
816 1711 925 1772 debeat
947 1713 1045 1773 omnis

196 1798 332 1860 Reddere
355 1816 503 1878 personae
525 1796 582 1858 sibi
605 1797 812 1858 convenientia
834 1797 950 1876 cuique,

195 1883 232 1944 Et
254 1900 374 1961 semper
398 1901 471 1943 nova
493 1899 551 1951 res,
575 1881 724 1942 theatrum
748 1899 825 1960 quae
848 1876 1165 1961 primitus'intrat,10

194 1967 286 2028 Passu
310 1967 424 2028 difficili
446 1965 588 2027 callentes
611 1972 744 2026 transeat
766 1985 863 2027 aures

194 2051 356 2113 Praetereo
379 2051 457 2131 quod
481 2049 586 2110 livor
578 2067 669 2120 iners,
693 2049 843 2112 laudabile
866 2051 1009 2130 quicquid

195 2138 254 2198 dut
276 2136 356 2198 videt
378 2143 428 2197 aut
450 2135 542 2212 audit,
566 2139 714 2215 spumosis
738 2134 878 2197 dentibus
902 2139 1022 2214 angitz·

197 2221 259 2292 Cui,
283 2238 341 2299 quo
364 2237 414 2282 res
436 2220 551 2289 melior,
575 2228 620 2280 est
642 2221 794 2281 iracundia
818 2219 921 2299 major,

197 2307 234 2368 llt
256 2305 343 2376 bona,
367 2323 444 2386 quae
466 2305 561 2366 reficit
584 2304 667 2381 alios,
691 2305 770 2366 hunc
792 2307 888 2367 inlicit
911 2324 988 2367 esca.
1133 2313 1165 2362 ιιι

197 2390 298 2462 Cedat,
322 2392 358 2452 ad
380 2391 522 2452 intuitum
546 2391 629 2452 ouius
652 2393 856 2471 corrumpitur
878 2410 938 2462 aer,

198 2476 304 2554 Meque
328 2478 409 2537 sinat
430 2475 625 2556 'broilumque
648 2495 748 2537 meum
773 2479 900 2536 transire
923 2491 1094 2553 parumper.

196 2559 256 2621 Res
278 2567 378 2638 gestae
401 2576 566 2638 regumque
589 2560 759 2640 ducumque
782 2561 892 2620 lerocia
915 2561 991 2620 lacta

197 2642 262 2712 Quo
285 2643 376 2704 scribi
399 2653 520 2724 possent
542 2661 668 2705 numero
691 2645 864 2704 monstravit
885 2641 1043 2703 Homerus.

198 2729 318 2790 Scilicet
339 2728 469 2797 heroico.
494 2728 610 2789 dicetur
633 2728 769 2795 forsitan:
793 2728 842 2788 isti
1129 2734 1167 2784 ιι)

198 2815 327 2876 Currere
349 2813 488 2875 versiculi
510 2814 579 2892 quia
603 2811 748 2873 deberent
770 2812 847 2892 pedo
869 2809 930 2881 tali,

198 2899 343 2978 Quodque
366 2916 420 2977 per
444 2901 565 2975 exiguos
589 2914 764 2975 magnorum
787 2913 893 2976 magna
918 2896 1046 2955 virorum

168 2977 173 2986 “
198 2981 317 3045 Proelia
341 3000 399 3042 uou
423 2982 529 3044 deceat
551 2982 650 3060 elegos
673 2983 839 3061 scripsisse,
863 2979 1042 3061 probabunt.

198 3067 275 3128 Sane
299 3066 441 3138 concedo,
465 3067 517 3128 sed
540 3074 624 3144 gesta
646 3067 816 3128 miserrima
839 3064 938 3126 scribo

199 3153 235 3212 Et
258 3161 373 3230 strages
396 3154 519 3213 miseras
542 3153 730 3221 miserorum,
754 3152 804 3232 qui
827 3149 963 3211 misereri
1130 3157 1166 3207 25

198 3237 364 3298 Noluerant
386 3235 444 3297 sibi
467 3255 522 3298 nec
545 3237 610 3297 aliis
634 3237 685 3297 sed
710 3246 806 3297 morte
829 3234 982 3297 metebant

265 3437 408 3503 *)ιιιιιιιιιε
426 3441 569 3490 recentior.
605 3441 629 3494 t.
647 3453 733 3489 emar
754 3455 799 3490 me
812 3455 861 3504 pro
874 3439 1020 3490 habebam
1056 3437 1096 3490 18.
1108 3433 1166 3486 Ho-

197 3507 264 3558 ratii
282 3509 395 3563 suntA
415 3511 485 3574 poet.
504 3522 529 3565 v
548 3509 588 3561 ts.
658 3509 698 3557 21
744 3521 799 3558 eus.
819 3507 899 3572 quod.
