2592 3978
182 131 233 216 „40
519 133 581 183 cau.
601 132 637 184 11.
672 149 698 184 v.
716 134 826 183 ar-as.

193 284 349 348 Blanditiis
372 293 436 346 erat
456 285 583 362 insignis
606 303 702 353 soror,
723 301 778 344 ore
800 282 910 363 'pusillo
1003 293 1004 300 ’

119 430 122 436 ,
231 368 372 438 Pulchra,
395 387 511 440 serena,
535 369 655 438 decens,
679 367 870 450 simplicitate
892 370 1004 446 vigens.

194 453 284 522 Laeta
307 453 466 531 supercilia
489 451 588 530 notula
612 453 761 513 mediante
785 461 894 520 notata,

233 539 317 600 Mens
338 538 445 600 lasciva
468 537 536 607 luit,
559 536 692 598 membra
716 537 824 599 decora
848 536 924 598 tulit.
1009 541 1015 551 '

455 699 572 756 DUOES
594 699 887 756 DESCRIBUNTUR.

193 807 255 867 Rex
278 805 340 866 ibat
361 806 497 868 Priamus
517 807 651 886 aquilino
674 823 801 885 corpore
823 823 957 884 magnus,

233 890 322 952 Vultu
343 891 567 970 pulcher-erat,
590 892 721 951 suaviter
744 907 796 950 ora
818 909 955 960 movens;

190 975 300 1036 Hector
323 985 388 1034 erat
412 976 538 1054 crispus,
562 974 707 1036 membris
729 974 911 1052 pernicibm,
935 975 1031 1048 albus,

237 1059 339 1120 Stabat
360 1064 577 1134 magnanimus,
601 1058 703 1136 Martis
725 1067 755 1120 et
777 1069 842 1123 arte
864 1059 992 1137 probum

192 1143 327 1215 Blaesus,
350 1142 503 1214 barbatus,
527 1142 607 1204 vultu
629 1143 816 1212 uenerabilis,
840 1151 936 1220 aptus,

232 1228 265 1287 ln
289 1229 401 1306 populo
424 1227 566 1298 clemens,
588 1228 693 1304 dignus
715 1226 841 1299 honore,
863 1229 982 1292 decens.

193 1311 288 1381 Docti,
313 1313 475 1374 clementes
496 1320 568 1374 sunt
588 1311 720 1374 Helenus
741 1311 974 1393 Deiphobusque

235 1395 428 1476 Saepe·solet
449 1399 556 1458 similis
577 1397 656 1470 lilius
679 1415 744 1458 esse
766 1397 855 1475 patri.

192 1480 241 1541 Sic
264 1490 290 1541 et
316 1491 402 1543 erant
423 1483 482 1549 isti,
505 1482 624 1542 fuerant
646 1498 764 1560 quoque
777 1477 913 1559 'corpore
934 1481 1042 1558 magni,

234 1564 378 1635 Formosi,
402 1565 480 1626 soliti
502 1567 603 1626 suavia
626 1564 716 1625 verba
735 1563 827 1641 loqui.

189 1647 313 1726 Magnus
335 1658 399 1710 erat
419 1649 548 1718 Troilus,
571 1649 668 1726 sortis,
691 1647 921 1727 pulcherrimus,
944 1666 1023 1724 acer,

233 1733 358 1794 Virtutis
380 1732 505 1812 cupidus
526 1741 558 1794 et
579 1733 644 1794 sine
664 1731 749 1793 faece
771 1731 877 1798 bonus.

191 1815 310 1894 Longus
333 1815 500 1878 Alexander
522 1826 552 1878 et
574 1815 725 1888 candidus,
749 1836 801 1877 ore
824 1823 961 1888 venusto,

233 1903 338 1977 Apina,
361 1901 515 1972 facundus,
538 1901 699 1964 ambitione
723 1900 832 1970 calens,

190 1983 327 2046 Pulchris
349 1985 484 2046 stellatus
506 1985 611 2056 oculis,
633 1984 774 2066 mollique
796 1982 906 2062 capillo

232 2067 419 2139 Flavescens,
442 2071 524 2130 suari
546 2088 618 2131 voce
640 2070 787 2148 loquenda
809 2067 946 2148 loquens.

190 2152 398 2214 Andromache
420 2155 541 2233 sapiens
562 2155 762 2234 formosaque,
784 2153 884 2231 longa,
907 2152 1042 2224 modesta

233 2237 270 2299 Et
292 2237 417 2298 rutilans
440 2237 545 2308 oeulis,
567 2238 705 2313 candida,
728 2235 836 2300 blanda
859 2237 940 2298 satis.

192 2322 336 2383 Facturae
359 2321 518 2385 mediocris
539 2331 607 2384 erat
628 2323 804 2399 Cassandra,
825 2320 956 2384 rotundo

233 2403 304 2487 Ore,
326 2409 440 2468 micans
461 2407 565 2479 oculis,
587 2409 664 2478 ruia,
689 2406 828 2484 benigna,
851 2407 928 2474 soia;

192 2489 330 2551 Praescia
353 2507 440 2567 quam
463 2491 561 2553 luerat
582 2493 700 2553 venturi
723 2509 782 2552 non
805 2488 930 2566 iterabo,

233 2572 318 2643 Quod
342 2573 434 2635 semel
456 2575 590 2646 audistiS,
614 2586 659 2636 est
680 2577 821 2636 recitasse
845 2576 927 2634 satis,

135 2653 138 2661 “
191 2655 330 2727 Candida,
354 2659 483 2718 formosa
506 2661 661 2738 formaque
683 2657 824 2735 Polixena
846 2657 944 2734 longa,

232 2741 293 2802 llos
315 2752 415 2803 raetos
436 2741 539 2805 oeulos
561 2753 702 2822 rectaque
725 2760 811 2803 crura
834 2741 940 2822 probo.
1139 2813 1141 2820 Ι

190 2826 333 2904 Simplex,
357 2827 449 2904 larga,
473 2827 592 2892 decens,
615 2827 706 2888 flavos
729 2845 846 2907 quoque
869 2825 957 2887 laudo
980 2823 1101 2906 capillos
1123 2833 1156 2882 55

233 2909 271 2972 lit
294 2919 405 2973 teretes
428 2910 538 2990 digitos
560 2913 760 2992 exiguumque
782 2912 900 2992 pedem.

191 2993 313 3056 Hecuba
336 3012 413 3075 quae
435 2996 535 3057 luerat
556 2996 688 3073 aquilino
710 3013 837 3074 corpore
858 2992 983 3073 pulchra

234 3079 333 3140 Mente
355 3081 463 3151 vircim,
484 3098 631 3160 pugnans,
655 3079 771 3147 callida,
795 3087 886 3150 casta,
909 3079 967 3157 pia.

258 3282 300 3331 2⁷.
319 3295 429 3346 margot
447 3281 567 3332 Helena.
636 3281 678 3331 28.
696 3295 806 3345 mergo:
829 3285 962 3344 quantum
984 3277 1020 3330 ed
1040 3279 1154 3330 exterio-

189 3363 248 3399 rem
265 3347 398 3402 hebitum.
436 3350 479 3400 47.
500 3347 566 3398 cod,
583 3347 718 3398 modesto.
780 3348 822 3400 54.
843 3346 911 3398 Ood.
930 3347 992 3397 hee.
1045 3347 1087 3401 to.
1106 3346 1154 3398 Or.

188 3418 242 3468 Ars
259 3414 283 3480 1,
302 3417 361 3470 622.
430 3415 471 3468 58.
490 3414 601 3466 secund.
618 3415 752 3467 Deretem
770 3429 833 3481 pro:
854 3419 934 3466 easta
952 3414 1034 3466 scios.
