2592 3978
479 153 540 208 Lib.
560 155 582 204 Ι.
617 170 643 205 v.
662 155 804 208 tte—att.
827 197 830 206 .

161 304 208 364 155
230 302 335 382 Pylum
360 302 451 365 voluit
471 305 621 368 Menelaus
643 306 746 386 ibique
768 308 859 387 potiri

202 386 339 449 Nestoris
361 387 498 467 alloquio,
522 389 622 452 forsan
645 389 764 452 amabat
785 410 863 452 eum.

157 471 263 533 Pollux
287 479 317 533 et
339 473 442 534 Castor
465 475 562 535 ierant
583 473 671 536 simul
694 475 730 536 ad
753 475 1007 554 Clytemnestram,
1073 483 1124 534 555

202 557 381 635 Complaoet.
405 565 438 619 ut
460 561 558 637 neptis
580 560 798 621 concomitetur
821 561 863 620 eis

158 640 281 702 Scilicet
302 641 472 704 Hermione.
516 642 631 704 Festive
655 643 719 703 dies
742 652 807 704 erat
826 645 928 724 Argis;

201 724 314 785 hebeat
335 724 386 786 tali
409 734 543 806 tempure
565 727 637 788 luno
660 727 726 789 coli.

159 808 312 887 Contingit
334 809 489 888 Cytheram
513 811 564 871 sed
589 821 619 872 et
641 811 689 872 hic
711 829 790 872 nunc
813 829 883 872 rore
906 829 1059 872 sacrorum

202 892 261 953 lam
285 892 430 955 dederant
452 893 599 956 celebrem
623 896 697 956 festa
720 895 841 956 suborta
865 896 954 956 diem.
1073 903 1122 954 555

158 976 238 1037 Fana
261 977 435 1038 colebantur
457 979 539 1050 haec,
563 981 611 1040 hic
632 999 685 1041 sna
709 980 785 1040 dona
810 981 918 1040 llianae

202 1061 340 1121 Solvehat
361 1064 499 1142 populus,
524 1067 573 1125 cui
596 1068 705 1124 sociata
730 1063 839 1125 Venus.

159 1143 231 1205 Vota
254 1163 324 1206 suos
347 1146 477 1208 habuere
502 1147 582 1217 deos,
606 1148 725 1209 devenit
745 1147 855 1208 ibidem

200 1229 284 1290 Tunc
306 1229 391 1291 Paris
413 1240 511 1310 optata
535 1241 615 1293 sorte
638 1234 775 1293 trahente
797 1223 902 1293 ratem'.

158 1405 162 1414 '
220 1447 223 1450 .
326 1394 427 1449 FAMA
445 1395 567 1450 Vonnr
586 1395 685 1461 QUOD
702 1395 809 1450 PARIS
827 1395 946 1450 VENIT.

157 1502 246 1562 Fama
270 1499 355 1572 volat,
380 1501 450 1577 quid
474 1505 553 1561 enim
576 1504 653 1564 lama
677 1500 806 1563 velocius
826 1509 914 1573 extat,
1072 1511 1123 1560 560

202 1585 343 1646 Prolibus
366 1594 469 1646 ornata
491 1587 573 1662 regia
596 1581 701 1652 classis
722 1587 813 1649 adest.

159 1671 330 1748 Spectatum
353 1673 480 1735 veniunt.
503 1673 624 1745 veniunt
644 1679 817 1750 spectentur
840 1680 873 1729 ut
895 1673 976 1750 ipsae

201 1755 242 1815 lle
265 1754 403 1814 domibus
426 1754 572 1824 dominae,
597 1772 798 1833 concrepuere
820 1753 910 1832 lyrae.

157 1837 318 1916 Splendeat
340 1845 373 1898 ut
394 1838 494 1908 Liber,
518 1839 633 1918 lateque
655 1839 801 1916 refulgeat
823 1855 927 1898 aurum

201 1923 294 1984 Ornat
316 1941 348 1982 se
370 1920 461 1983 vestis
483 1923 645 1983 ambitione
667 1924 761 1992 Paris,
1072 1931 1122 1981 555

158 2007 261 2084 Surgit
283 2007 370 2067 etad
392 2007 535 2085 templum
558 2009 691 2084 graditur
715 2008 800 2084 quasi
822 2024 907 2085 pavo,
930 2006 1042 2068 Dianae

200 2093 305 2152 Votum
327 2092 470 2169 persolvit
492 2092 640 2172 dignaque
663 2091 738 2151 dona
761 2092 847 2169 gerit.

60 2249 63 2254 Ι
159 2174 316 2245 Quaeritur
338 2179 462 2248 interea,
486 2177 552 2254 quis
574 2176 630 2235 sit?
653 2192 706 2235 cur
729 2175 862 2235 venerit?
885 2174 964 2234 unde

202 2261 323 2320 Venerit
345 2269 373 2320 et
395 2277 538 2339 quorsum
562 2259 662 2319 forsan
685 2259 768 2318 abire
791 2258 877 2318 veliti

160 2341 253 2404 Filius
276 2351 321 2404 est
341 2343 453 2403 Priami
475 2347 565 2420 regis,
589 2342 784 2420 mandataque
806 2345 901 2420 patris
1073 2351 1124 2401 550

202 2428 289 2488 Venit
310 2430 342 2487 in
365 2427 420 2497 his,
444 2427 534 2497 aiunt,
558 2427 648 2492 ferre,
672 2426 787 2486 referre
810 2426 891 2486 locis.

158 2509 263 2572 Pollux
286 2518 316 2572 et
339 2510 442 2572 Castor
464 2512 495 2571 hi
519 2518 595 2579 sunt,
620 2513 646 2570 si
670 2511 821 2588 quaeritis,
845 2511 936 2570 advos

201 2597 298 2656 Pauca
321 2595 402 2674 loqui
423 2594 533 2674 quihus
556 2596 604 2654 hic
627 2594 690 2655 vult
712 2603 742 2656 et
764 2593 847 2655 abire
870 2593 1002 2656 domum.

160 2681 308 2743 1155555555
330 2686 455 2756 tangunt
475 2679 626 2747 Helenam.
650 2678 717 2740 silet
738 2677 788 2739 illa
811 2696 985 2757 parumper;

202 2766 257 2826 llic
279 2771 352 2832 erat,
377 2763 434 2824 huc
457 2763 551 2825 festus
574 2772 705 2824 traxerat
727 2781 798 2824 usus
820 2781 893 2824 eam.
1071 2771 1122 2822 555

160 2849 300 2911 Audierat
322 2866 409 2927 quam
431 2844 556 2927 pulcher
578 2854 656 2916 erat;
680 2851 872 2926 speciemque
894 2846 996 2907 videre

203 2935 269 2994 N'on
290 2935 412 3011 impune
436 2941 533 2992 tamen
557 2933 659 2993 nititur
681 2929 730 2992 illa
753 2933 820 2992 viri.

159 3103 218 3153 550.
236 3101 361 3161 margine
374 3098 448 3164 Clyt.
467 3114 588 3150 sororem
605 3114 692 3154 suam.
744 3099 803 3148 562.
822 3112 907 3162 merg.
919 3096 976 3148 filia
988 3098 1123 3150 Helenae.

160 3170 219 3220 554.
238 3183 342 3233 margo.
360 3166 501 3218 Chiteram
518 3166 548 3216 in
566 3167 684 3218 insulam
702 3167 743 3217 sic
761 3165 874 3216 dictum.
942 3168 1000 3217 560.
1017 3166 1124 3217 Allusio

159 3233 431 3301 Virg.Aen.IV,1'ld.
450 3236 547 3296 Fama,
560 3233 661 3284 malum
675 3248 727 3299 quo
740 3248 795 3283 non
808 3231 885 3283 aliud
897 3231 1020 3283 velocius
1030 3233 1124 3285 ullum.

139 3305 220 3358 555.
240 3302 320 3355 Ovid.
339 3302 392 3354 Ars
410 3302 470 3355 Am.
487 3303 510 3366 1,
530 3303 571 3353 99.
631 3303 689 3354 554.
712 3301 772 3352 555.
797 3300 938 3366 spondeat.
1002 3301 1062 3352 ata.
1080 3300 1125 3352 ad-

161 3385 221 3422 vos.
239 3370 381 3436 antiquior
399 3385 448 3435 pro
466 3369 579 3432 advers,
597 3370 743 3434 adversus,
762 3368 858 3430 hostis,
876 3367 984 3434 hospes.
1062 3371 1122 3421 555.

162 3438 243 3491 festa.

1272 3405 1274 3529 l
