2590 3984
176 190 237 256 118
479 193 542 243 naa.
562 192 609 244 ir.
640 207 665 243 v.
684 192 828 246 cna-524.

218 344 328 406 hitfidit
352 346 512 424 oppositos,
536 343 666 406 vindicat
688 363 760 405 ense
783 344 876 405 dolos.

176 431 258 501 Quae
281 430 387 508 potuit,
410 431 496 500 lecit:
521 448 558 490 ne
581 430 624 491 nil
646 437 795 507 ageretur,
818 429 912 489 aravit
967 502 971 507 .
1035 475 1038 483 Δ

216 516 343 576 Vomere
366 532 424 591 quo
448 522 580 593 poterat;
605 521 683 575 totus
706 515 828 574 inermis
852 521 925 577 erat.

174 600 212 661 m
234 601 339 660 mortis
362 616 472 677 genere
494 617 527 660 sc
549 599 719 660 consolatur
740 597 873 668 honeste,
1091 605 1143 655 495

217 682 319 744 Falsos
341 701 417 762 quos
439 690 564 762 reputat,
589 699 648 744 non
671 685 736 744 sine
758 690 854 742 morte
877 689 967 744 secat.

174 768 347 830 Antilochus
367 766 448 846 juvet
470 769 636 842 Aeneidem,
662 774 839 846 contorquet
862 770 978 845 etipse

111 929 114 935 Ι
218 853 276 913 Pro
299 862 384 913 scuto
407 851 602 931 chlamydem,
627 850 740 913 distulit
761 850 829 912 inde
853 869 967 912 necem.

153 937 241 1006 ¹Non
263 943 401 1016 poterant
423 937 531 998 durare
555 935 614 998 duo
638 945 697 997 tam
721 937 841 1015 dispare
864 934 952 1011 hello,

218 1021 358 1083 Tactihus
381 1021 508 1082 assiduis
530 1023 634 1081 interit
656 1023 716 1082 icta
738 1018 877 1098 chlamys.
1092 1027 1143 1077 500

177 1106 243 1167 Non
267 1113 332 1166 erat
354 1107 475 1167 armatis
498 1123 625 1185 aequum
649 1122 830 1166 concurrere
853 1104 958 1173 nudos,

182 1247 188 1255 .
217 1194 274 1251 dut
295 1196 398 1250 contra
421 1197 518 1251 tantos
539 1191 621 1251 ferre
644 1185 747 1250 dueha
762 1191 845 1250 duos.

176 1274 270 1336 Ambo
294 1274 475 1342 ceciderunt,
500 1274 673 1336 ceciderunt
696 1273 801 1344 ambo,·-
824 1275 889 1354 quis
913 1290 1042 1353 unquam

218 1357 311 1419 Ferre
334 1360 382 1419 diu
407 1368 507 1437 posset
529 1358 598 1420 talia
621 1357 697 1419 bella
721 1358 822 1436 gigas?

177 1443 227 1504 Sic
250 1443 328 1504 cadit
350 1441 534 1513 Antilochus,
547 1445 609 1513 sic,
634 1445 687 1511 sic,
709 1444 858 1504 lormosus
880 1439 1017 1512 Achilles,
1093 1450 1143 1504 505

221 1528 271 1588 Sic
293 1527 379 1588 Paris
401 1528 520 1588 infanda
544 1536 640 1588 morte
662 1527 790 1588 trucidat
810 1545 870 1587 eos

79 1621 83 1628 '
175 1611 383 1690 Projiciantur,
407 1614 456 1679 ait,
482 1612 555 1672 haec
578 1611 663 1672 laeda
687 1611 827 1671 cadavera
851 1611 955 1678 corvis,

219 1697 287 1757 Sint
308 1695 432 1758 canibus
456 1699 561 1766 saevis,
586 1699 646 1756 sint
667 1695 806 1756 alimenta
829 1694 916 1774 lupis.

177 1782 282 1850 Immo,
305 1783 400 1843 refert
421 1779 562 1850 Helenus,
585 1781 685 1860 potius
707 1778 871 1840 reddantur
893 1779 1004 1846 amicis,

220 1865 286 1925 Non
310 1865 401 1926 debes
423 1865 577 1928 hominum
601 1882 722 1943 pascere
745 1882 836 1926 carne
859 1881 957 1928 canes.
1093 1871 1144 1921 510

177 1949 328 2010 Reddatur
351 1949 458 2010 Danais
481 1948 637 2010 collectum
660 1967 770 2027 corpus
791 1947 923 2016 Achiuis,

220 2034 383 2113 important
406 2035 512 2094 castris
534 2035 714 2113 alteriusque
738 2032 831 2093 ducis.

177 2118 337 2196 Egregium
360 2117 479 2181 Priamo
502 2137 554 2178 rex
579 2117 760 2178 concedente
783 2117 974 2192 sepulchrum

219 2202 323 2280 Erigit,
347 2201 404 2262 hoo
427 2201 510 2264 strati
534 2202 635 2263 militis
657 2219 723 2262 ossa
745 2201 828 2276 tegit.

179 2287 304 2348 Graecia
327 2305 409 2346 more
432 2304 487 2348 suo
510 2287 600 2348 (leons
623 2285 777 2364 exequiale
800 2283 978 2365 frequentat,
1093 2291 1145 2340 515

221 2370 341 2432 Fortem
364 2370 511 2449 deplorat,
535 2370 685 2449 unguibus
707 2387 757 2430 ora
779 2376 872 2429 secat.

129 2703 132 2708 Α
181 2634 330 2706 [ORATIO
349 2631 865 2772 ΑΘΔΜΕΜΝΟΝέΒΕῗὲΟΘΗΑΕΟΟΒ
883 2631 931 2685 DE
946 2629 1145 2688 PERGENDO

239 2738 241 2741 ’
709 2719 728 2786 ·]

180 2879 330 2940 Convocat
351 2877 380 2936 iu
404 2882 520 2936 coetum
543 2893 596 2935 rex
619 2875 762 2936 Graecos:
787 2873 941 2952 perdimur
964 2888 1068 2932 omnes

221 2961 368 3023 Paulatim
390 2977 541 3039 proceres,
566 2957 690 3039 etquid
714 2973 845 3036 agemus,
869 2957 919 3017 ait.

178 3047 301 3109 Corruit
324 3044 466 3106 Aeacides
489 3043 585 3104 nostri
607 3042 714 3104 fiducia
737 3041 815 3109 belli,

225 3130 369 3192 Nolumus
392 3137 442 3189 aut
464 3127 598 3189 volumus
619 3125 760 3187 ulteriora
783 3125 885 3204 sequil
1097 3128 1149 3178 520

180 3216 361 3279 Hicsumus
384 3221 413 3273 et
435 3213 534 3274 studio
558 3214 720 3273 transimus
742 3217 860 3288 tempus
883 3208 973 3277 inani,

224 3298 285 3359 Nec
307 3315 383 3376 quae
408 3298 564 3373 praeteriit
586 3295 659 3355 hora
681 3293 781 3355 redire
803 3299 909 3370 potest.

181 3383 248 3443 Non
263 3381 461 3442 discedemus
484 3397 641 3459 procerem
666 3377 737 3457 quid
760 3377 931 3437 consulitis?
955 3377 980 3435 si

224 3467 313 3526 Forte
336 3467 561 3534 recesserimus,
586 3462 669 3542 plebs
692 3463 796 3522 vitiosa
819 3478 931 3521 sumus.
