2574 3976
200 135 261 200 148
518 135 578 190 nro.
597 134 629 184 v.
661 150 692 188 v.¹
706 132 850 188 ter-sao.

241 291 302 360 Est,
324 295 410 349 sueto
432 288 577 348 modicam
598 304 685 346 ‘more
708 294 824 347 movete
846 303 978 346 manum.

201 376 291 444 State,
315 373 418 442 redite,
442 371 567 452 gradum
590 374 764 441 convertite,
787 378 872 440 state,
896 377 998 433 cavete

243 456 415 520 Ridiculum
438 456 543 517 lamae.
588 455 718 518 Pessima
741 457 820 516 lama
843 456 942 532 fugae.

200 544 262 605 Nec
285 561 368 604 mora
391 543 438 612 sit,
463 543 522 601 cito
545 540 696 620 dispersas
719 539 841 601 densete
863 549 1006 608 catervas,

243 628 281 688 Et
303 629 387 704 quasi
408 643 483 704 grex
505 644 581 686 onus
603 625 705 686 Martis
728 626 820 702 agatis
843 640 927 701 opus.
948 662 954 672 ,

201 713 281 774 Dixit
304 720 334 772 et
357 712 496 774 adversos
518 708 610 776 telum
634 711 779 772 contorsit
802 713 833 770 in
857 709 958 770 hostes

243 797 443 872 Restituitque
466 812 520 858 suo
542 793 658 874 perdita
681 793 770 855 corda
793 793 869 854 loco.

201 881 243 942 lle
265 879 504 942 timidis‘tumidi
527 879 601 940 liunt
622 877 790 943 hortamine
812 878 928 957 Pyrrhi,

244 965 287 1026 lle
309 963 423 1040 pavidis
444 964 531 1025 avida
553 970 674 1043 pectora
698 963 807 1024 dantur
829 965 882 1028 ita.

203 1049 260 1121 Qui
283 1051 404 1111 fuerant
425 1046 532 1114 timidi,
555 1048 691 1121 redeunt,
715 1054 744 1108 et
766 1047 856 1108 corde
879 1048 1006 1109 tumenti

246 1133 362 1213 Quique
385 1139 509 1210 pavent·
527 1131 642 1208 gladius
664 1142 697 1192 ut
719 1139 883 1210 repetatur,
907 1139 1002 1194 arent.

203 1218 364 1280 Coussietus
385 1223 544 1278 renovatur
567 1220 649 1285 item,
671 1216 705 1278 lit
726 1232 826 1294 pugna
848 1224 973 1297 repente

246 1302 380 1370 Maxima,
405 1301 559 1380 consurgit
581 1300 683 1362 lancea
706 1309 806 1378 strage
828 1319 913 1362 nova.

204 1385 336 1468 Pyrrhus
357 1386 400 1446 ihi
422 1386 562 1448 devectus
585 1393 614 1446 et
637 1386 685 1446 hic
707 1384 855 1446 hortando
877 1401 1013 1446 reversos

248 1471 419 1533 Consolidat
442 1488 560 1540 cuneos,
583 1472 708 1532 nominc
729 1486 877 1547 quemque
899 1487 1017 1532 vocans.

204 1554 503 1632 irreprehensibilem
526 1573 559 1616 se
581 1553 667 1615 miles
689 1553 726 1614 ad
748 1557 846 1616 omnia
869 1554 968 1616 reddit

248 1640 286 1700 Se
309 1639 365 1700 sub
388 1639 511 1700 militiae
534 1639 608 1700 ilore
631 1639 772 1700 decenter
794 1637 918 1702 habens.

205 1725 244 1785 Se
266 1722 410 1804 Phrygias
431 1720 502 1803 jacit
524 1723 554 1784 in
577 1725 656 1784 acies
680 1730 718 1783 et·
731 1725 876 1800 sanguina
898 1723 1010 1790 bracat.

247 1808 310 1869 Nec
333 1826 439 1869 manus
462 1807 540 1871 illius
563 1826 579 1868 a
601 1806 736 1868 feriendo
758 1816 851 1869 vacat.

205 1893 238 1953 ln
261 1892 387 1954 Teucris
409 1890 537 1953 rubeum
560 1890 706 1954 violenter
728 1890 846 1954 balneat
870 1910 981 1962 ensem,

248 1976 360 2038 Balnea
383 1977 420 2037 de
443 1977 537 2055 stygio
560 1977 607 2037 dic
630 1994 664 2037 ea
686 1975 744 2037 lata
766 1974 841 2038 lacu.

205 2061 312 2123 Hostes
332 2067 530 2122 commactant
553 2062 665 2138 pariter
686 2079 729 2131 se,
753 2079 809 2122 nec
831 2079 920 2124 cruor
943 2078 1010 2122 arra

249 2145 344 2207 lnbcit
366 2145 482 2206 infusus
504 2142 591 2223 plena
613 2162 722 2206 cruore
743 2147 839 2224 prius,

209 2229 272 2292 Nec
295 2248 417 2309 campus
439 2229 534 2291 rubeo
557 2229 690 2292 rubescit
710 2231 864 2308 sanguine,
888 2231 1009 2308 sanguis
1121 2237 1173 2287 515

248 2314 409 2392 Sanguinis
430 2333 447 2375 a
469 2316 533 2374 rivo
555 2320 613 2375 stat
633 2315 750 2392 potiore
772 2315 856 2376 vado.

208 2396 342 2467 Quantus
365 2399 447 2479 equis
470 2406 657 2478 quantusque
679 2401 752 2461 viris
775 2399 812 2460 de
835 2398 957 2478 pulvere
980 2415 1080 2460 crasso
1131 2457 1140 2464 ..

249 2482 347 2543 Sudor
371 2492 441 2553 erat,
465 2500 563 2551 nemo,
586 2484 637 2563 qui
659 2485 787 2545 reticere
809 2491 907 2562 queat.

206 2565 340 2628 Pulveris
363 2584 503 2630 ascensus
525 2567 669 2648 sepelitur
692 2571 847 2646 sanguinis
868 2567 973 2638 imbre,

248 2650 282 2710 ln
304 2647 415 2712 rubeos
438 2649 542 2712 latices
565 2652 689 2712 vertitur
710 2651 805 2713 herba
828 2655 937 2714 virens.
1122 2659 1175 2709 520
1278 2667 1279 2710 t

207 2734 333 2795 Pulvere
356 2753 416 2797 non
440 2735 564 2805 tluitaot,
590 2735 783 2798 mucronibus
806 2755 873 2800 arva
897 2744 1066 2816 coruscant
1158 2783 1165 2800 .

248 2819 333 2880 Unde
356 2820 388 2880 fit
409 2827 443 2880 ut
464 2819 555 2880 multa
578 2818 672 2882 millia
695 2829 786 2882 strata
810 2822 925 2883 cadant.

206 2904 263 2964 Tot
285 2911 397 2965 mortes
419 2911 558 2981 poterant
579 2904 687 2983 stygias
709 2904 848 2986 implesse
871 2904 1002 2986 paludes,

249 2987 386 3058 Maxima,
410 2989 470 3052 dux
491 2988 637 3052 Erebum!
660 2992 692 3052 ni
714 2998 765 3052 tua
787 3008 881 3069 regna
903 2989 1012 3051 forent.

205 3069 262 3131 Vix
284 3070 340 3132 luit
361 3072 420 3133 hcc
442 3089 566 3134 numero
589 3073 783 3151 distinguere,
808 3077 875 3157 quis
897 3075 944 3136 vel
959 3077 992 3136 in
1008 3077 1101 3137 istum
1123 3082 1173 3132 525

248 3156 307 3215 dut
328 3156 409 3217 hunc
431 3176 487 3237 pro
510 3158 625 3219 meritis
648 3158 756 3220 debeat
777 3163 823 3220 ire
845 3159 955 3230 lacum,

273 3292 331 3341 501.
351 3289 418 3342 God.
436 3291 543 3344 tumidi.
594 3293 653 3343 ⁶09.
673 3291 739 3344 eod.
757 3294 862 3345 brarat.
913 3295 974 3348 ota.
994 3293 1061 3344 (lod.
1080 3292 1174 3345 hostes

205 3355 400 3472 posteacps.
436 3357 694 3414 merehatrluco.
741 3363 798 3412 525.
812 3361 879 3417 Cod.
893 3363 983 3414 istum.
1031 3361 1169 3417 dibeod.

227 3439 285 3474 ane.
619 3455 624 3474 a
