2574 3976
447 207 510 260 ora.
529 208 563 261 v.
598 223 624 264 v.
642 209 784 263 roa-rer.
1043 205 1106 273 155
1193 183 1195 188 ¹

140 361 197 434 Qui
218 361 335 422 fueram
357 359 478 438 pardus,
501 377 566 423 sum
589 360 692 422 tardus
714 359 855 424 euntibus
878 362 963 422 annis

182 444 215 505 111
237 461 381 524 praeceps
402 447 511 525 raptim
535 462 618 506 more
640 444 758 506 fluentis
780 462 884 524 aquae.

139 529 225 590 Miles
247 536 280 589 ut
302 530 527 590 emeritus-non
550 536 595 590 est
618 530 690 590 satis
712 528 793 590 utilis
816 532 918 606 armis,

179 612 271 674 Ponit
292 612 328 674 ad
351 614 498 694 antiquos,
521 631 598 691 quae
620 614 689 674 tulit
711 630 801 686 arma,
826 612 915 674 lares.
1083 658 1086 664 .

136 696 197 758 Sed
220 694 291 758 licet
311 697 385 760 haee
408 704 539 760 nostram
562 697 688 758 lundent
710 704 740 758 et
762 697 846 776 plura
870 696 1033 775 querelam,
1052 707 1103 756 ⁷05

184 779 260 843 Nolo
282 789 381 843 tamen
404 790 518 843 vestras
540 782 610 843 inde
632 781 734 842 labare
757 799 873 844 manus.

138 863 231 927 ilasi
254 884 324 936 non,
349 884 441 946 opere
463 865 529 928 volo
552 884 603 927 ros
625 882 776 946 operaque
796 866 900 946 juvare

180 949 216 1011 Et
238 949 343 1012 sinon
366 968 421 1030 per
444 969 541 1031 opem,
566 949 610 1011 vel
633 967 794 1030 peropus,
816 968 871 1030 per
893 967 979 1030 opes:

136 1033 221 1095 Etsi
243 1050 303 1095 nou
325 1053 434 1105 armoe,
458 1034 541 1096 vobis
563 1035 716 1114 impartiat
738 1053 819 1096 arma

154 1181 156 1186 ,
180 1119 331 1180 Auxilium
354 1119 451 1180 dando
474 1119 689 1200 consiliumque
710 1119 863 1199 frequens.

138 1203 204 1264 Non
226 1202 315 1264 modo
338 1202 390 1264 sed
413 1221 532 1283 semper
555 1204 611 1263 hoo
632 1221 725 1281 regna
745 1203 897 1281 juvamine
919 1203 994 1273 reri,

181 1287 234 1348 Est
256 1286 368 1365 aliquid
390 1285 486 1348 valida
508 1293 626 1366 soeptra
649 1294 753 1347 tenere
776 1305 875 1349 manu.

136 1371 224 1432 Solus
246 1388 300 1430 rex
322 1376 435 1448 regnat,
459 1371 556 1431 honor
578 1378 678 1431 autem
700 1386 792 1448 regna
814 1373 946 1449 regentis

180 1454 232 1516 Est
254 1459 286 1518 in
308 1452 450 1534 subjectis
472 1452 673 1534 militibusque
695 1453 790 1514 bonis.

137 1538 202 1600 Non
225 1537 311 1600 miles
333 1538 398 1598 sine
420 1555 491 1616 rege
513 1537 599 1616 valet,
623 1555 678 1599 nec
701 1555 754 1617 rer
777 1539 842 1599 sine
864 1538 923 1598 lldo

178 1621 280 1690 Milite,
302 1621 406 1684 militia
430 1620 557 1701 plurima
576 1625 656 1702 regis
678 1622 784 1683 honor.

136 1707 202 1768 Non
226 1707 296 1768 satis
319 1726 377 1768 una
401 1714 482 1769 tenet
505 1715 620 1768 ceratas
642 1724 750 1769 ancora
773 1725 897 1786 puppes,

179 1791 245 1854 Non
268 1792 340 1852 satis
363 1799 407 1852 est
429 1789 552 1871 liquidis
573 1793 679 1852 unicus
701 1810 795 1852 uncus
817 1793 910 1872 aquis.

135 1875 189 1937 Sio
211 1893 304 1937 unum
326 1893 451 1954 regnum
473 1875 565 1936 rebus
586 1875 647 1936 vult
669 1884 748 1937 stare
770 1874 886 1936 duabus

112 1981 114 1988 ’
179 1959 228 2021 Sic
250 1976 300 2020 res
322 1959 444 2022 alterius
467 1959 559 2022 altera
581 1963 678 2040 poscit
699 1978 801 2039 opem;

135 2045 229 2106 Nemo
251 2043 308 2104 sibi
331 2046 402 2105 satis
424 2052 480 2115 est,
503 2052 571 2122 egel
592 2045 688 2106 omnis
711 2047 825 2106 amicus
845 2045 957 2114 amiam

178 2127 271 2189 Vaeh!
294 2127 363 2198 soli;
388 2128 467 2189 eadit
489 2128 547 2198 hic,
571 2146 658 2190 nemo
681 2128 792 2190 lerator
815 2129 881 2189 erit.

135 2212 169 2272 ln
191 2210 274 2273 vobis
296 2214 388 2291 igitur
410 2212 517 2273 Troiae
539 2215 663 2274 victoria
686 2215 806 2292 pendet,

178 2295 216 2358 Et
237 2313 342 2375 paoem
364 2299 479 2377 patriae
501 2295 621 2358 brachia
645 2306 741 2358 vestra
764 2296 885 2358 dabunt.

134 2380 176 2442 lle
199 2398 302 2442 rerum
325 2388 451 2441 tractato
473 2388 551 2442 statu
573 2390 728 2460 vestraque
749 2382 854 2450 salute,

178 2463 288 2526 Sensus
311 2467 391 2526 enim
415 2463 498 2526 vobis
519 2463 737 2543 consiliumque
758 2467 847 2541 rigel.

134 2547 247 2610 Vertite
269 2550 446 2626 praeteritas
467 2557 641 2628 praesentes
663 2548 773 2630 resque
794 2549 919 2618 futuras,

176 2631 316 2712 Quosque
339 2635 425 2710 sequi
447 2634 546 2712 potius
568 2633 688 2712 expedit
709 2636 754 2695 ire
776 2635 848 2710 vias,

138 2715 212 2777 Nam
233 2735 288 2796 per
309 2720 471 2797 praeterita
492 2719 658 2796 praeseutia
681 2736 770 2798 saepe
792 2717 943 2788 labuntur,

177 2800 272 2881 Saepe
293 2809 387 2863 status
409 2820 551 2880 praesens
573 2805 659 2864 scire
674 2804 772 2865 lutura
794 2804 875 2864 lacit.
1049 2813 1101 2862 aaa

134 2883 197 2945 lloc
220 2887 283 2946 scio
305 2886 330 2946 sl
352 2884 487 2947 volumus
510 2903 661 2965 superare,
685 2885 807 2947 levanda
830 2887 946 2965 potenti

133 3019 329 3031 o——-.

201 3087 259 3138 702.
279 3086 330 3139 Ov.
348 3085 400 3137 Ars
417 3085 476 3137 Am.
496 3088 547 3148 ΙΙΙ,
565 3087 598 3138 62

285 3182 319 3191 -
337 3157 404 3205 eunt
420 3157 486 3205 anni
503 3151 578 3206 more
596 3155 706 3206 fluentis
725 3169 821 3219 equae.

132 3223 190 3274 703.
209 3223 234 3272 4.
253 3219 333 3272 ovid.
345 3222 430 3276 Trist.
449 3223 496 3285 IV,
514 3225 542 3281 8,
554 3224 595 3273 21.
613 3225 655 3274 22.
672 3238 721 3287 pro
739 3223 827 3273 nostri
850 3223 980 3273 emeritus
999 3222 1049 3276 eir.
1071 3239 1098 3274 v.

132 3290 182 3340 799
205 3288 292 3340 habet
315 3288 430 3341 Ovidius
453 3291 583 3344 emeritis.
658 3292 716 3341 712.
733 3288 814 3342 Orid.
831 3290 909 3342 Rem.
928 3291 987 3341 480.
1039 3292 1098 3343 717.

134 3357 174 3408 18.
193 3355 274 3410 ovid.
292 3355 403 3408 Remed.
421 3360 481 3413 447,
499 3358 542 3418 48,
562 3372 595 3408 ex
613 3373 666 3424 quo
684 3357 746 3408 loeo
764 3359 905 3422 posuimus
922 3361 1031 3409 uerutus
1068 3373 1098 3409 ro

133 3423 238 3474 collinis
255 3429 363 3476 aeratos
382 3428 411 3474 et
426 3425 560 3489 marginis
577 3424 712 3477 lueretur.
746 3424 800 3476 Pro
817 3439 904 3476 unone
917 3424 1035 3478 Ovidius
1048 3374 1100 3476 Ea-

132 3505 193 3541 mna
210 3492 332 3557 praebet.
403 3493 460 3547 721.
478 3493 616 3543 Neveleti.
637 3507 663 3557 p,
682 3493 732 3544 525
749 3490 798 3543 lin.
817 3495 833 3543 2
852 3493 887 3544 ab
904 3492 986 3546 inire.
