2574 3976
208 185 269 250 116
338 255 343 266 ‚
517 189 578 240 nra.
598 189 642 269 V.¹·
678 205 703 240 v.
721 190 866 239 ese-aee.
944 267 949 278 1

205 340 237 400 Si
262 339 423 419 quidquam
445 340 538 400 suerit
559 340 595 400 de
619 339 862 418 contingentibus
883 348 1012 411 anetum,

252 425 396 494 demtum,
419 430 566 485 mutatum
589 425 740 484 eredimus
763 442 828 486 esse
850 425 968 486 malum.

206 509 239 570 Si
261 527 321 570 non
343 515 458 578 cuneta,
482 509 592 569 Sinoni
614 509 723 570 iterum
745 507 801 569 tibi
823 508 961 578 dicimus,
985 517 1052 588 apte

248 593 381 666 Feeeris;
405 592 506 668 infelix
529 602 559 654 et
581 591 666 654 eihus
688 596 767 671 ignis
789 596 858 653 eris.

311 771 558 844 [uxennunrre
577 773 758 828 onerosus
776 774 817 828 ru
833 731 1078 829 renerueens'

569 855 807 928 optatusne

207 979 283 1052 Quid
306 981 411 1049 facitis,
435 979 579 1041 scelerata
602 979 730 1041 cohors?
751 998 809 1060 qua
831 980 921 1041 flante
943 981 1080 1060 Megaera
1125 992 1177 1041 285

250 1063 283 1124 ln
307 1073 436 1125 mentem
458 1063 544 1126 vobis
565 1067 689 1145 spiritus
712 1065 768 1125 iste
791 1066 870 1143 ruit?

208 1149 248 1210 Es
270 1150 338 1226 pius
359 1149 477 1210 Aenea?
499 1150 550 1210 sie
565 1157 721 1211 cantavere
743 1156 865 1227 poetae;

251 1230 341 1310 Cujus
362 1233 504 1311 produxit
525 1233 639 1295 fabrica
662 1231 720 1294 tale
743 1234 836 1294 nefas.

207 1316 326 1394 Virgilii
349 1336 431 1378 musa
455 1318 609 1379 mendacia
632 1316 724 1379 multa
746 1315 860 1378 celerat

252 1401 293 1462 De
316 1408 346 1461 te
368 1420 428 1462 uon
452 1403 527 1462 saeta
551 1403 603 1464 sed
627 1419 710 1480 mage
732 1403 799 1462 fieta
822 1419 943 1463 canens.
1125 1413 1178 1462 290

208 1487 355 1563 Insignem
379 1488 490 1564 pietate
512 1489 607 1548 virum
630 1497 660 1549 te
683 1489 826 1556 nominat,
850 1503 977 1564 aequom

250 1570 405 1630 Praedieat
427 1578 456 1630 et
477 1589 566 1650 saepe
589 1570 721 1633 clamitat
743 1589 807 1630 esse
831 1572 921 1646 pium.
1010 1573 1013 1580 ’

208 1655 248 1716 Es
271 1673 309 1717 ne
332 1656 410 1731 pius,
433 1658 586 1734 propriam
609 1657 660 1734 qui
682 1655 804 1717 tradens
825 1653 963 1716 hostibus
984 1653 1088 1716 urbem

251 1737 285 1798 ln
308 1739 451 1800 miseram
473 1740 566 1800 mittis
588 1741 686 1800 emnia
710 1741 772 1799 viva
796 1739 915 1800 necem!

210 1824 284 1886 Cum
307 1823 382 1883 faeie
404 1824 506 1893 eirem,
530 1842 597 1885 eum
620 1833 742 1904 pectere
764 1831 793 1884 te
815 1823 890 1885 iacis
912 1823 1038 1894 hostem,
1126 1834 1178 1884 295

253 1908 349 1987 Impia
372 1907 428 1968 sub
451 1907 532 1968 dulei
555 1907 642 1969 melle
664 1925 778 1969 venena
794 1906 902 1969 ,latent

208 1991 353 2053 Sentibus
374 1993 508 2052 insontes
530 1991 657 2062 soboles,
682 1991 877 2071 sobolemque
901 1997 1042 2070 parentes

252 2077 339 2138 Morti
361 2093 452 2154 quum
474 2076 577 2146 tradis,
602 2095 720 2156 semper
742 2077 864 2155 iniquus
886 2077 956 2136 eris.

212 2159 273 2221 lam
296 2159 399 2239 Trojai
421 2161 514 2221 tetius
537 2177 611 2238 apex
634 2161 687 2221 tibi
711 2163 803 2221 erevit
825 2159 957 2230 honeris,

251 2243 296 2304 Tu
319 2243 440 2324 Trojam
463 2251 524 2305 toto
546 2248 666 2324 mangis
686 2244 802 2305 honore
825 2247 926 2308 miser.
1127 2255 1181 2304 300
1274 2259 1275 2270 ¹

209 2327 348 2391 Reddere
370 2329 479 2406 gaudet
499 2328 589 2400 homo
611 2346 739 2406 nequam
764 2346 817 2408 pre
840 2326 927 2390 melle
951 2345 1108 2400 venenum,

254 2413 312 2474 Pro
334 2413 431 2474 sruotu
455 2431 591 2493 poenam,
615 2433 670 2493 pro
692 2415 802 2492 pietate
824 2412 936 2492 delum

210 2497 276 2560 Non
300 2496 398 2558 Venus
420 2501 511 2558 irnrno
534 2500 648 2569 Venus;
673 2499 814 2579 queniam
830 2499 930 2559 Venus
952 2504 998 2558 est
1019 2501 1182 2574 meretrice

253 2581 364 2652 Quavis
386 2581 527 2652 deterior,
552 2591 580 2644 te
603 2587 743 2660 genuisse
765 2590 878 2661 petest;

210 2666 253 2728 Te
274 2664 350 2744 lapis
371 2675 402 2728 et
422 2675 550 2737 mentes,
574 2669 734 2745 innataque
756 2665 880 2744 rupibus
902 2665 968 2726 altis
1129 2676 1181 2726 305
1274 2653 1275 2720 i

255 2749 375 2810 Robora
398 2759 427 2811 te
449 2768 554 2811 saevae
575 2768 763 2830 progenuere
785 2752 878 2812 serae.

212 2833 297 2896 Unde
321 2853 409 2896 neces
430 2833 583 2896 hominurn
606 2853 666 2894 nen
690 2851 777 2896 ouras
798 2853 883 2895 more
905 2832 1018 2914 lupino,

253 2919 299 2979 Tu
320 2920 409 2980 fieres
430 2919 543 2998 rapido,
568 2921 708 2981 viseidus!
733 2937 799 2981 esea
822 2918 901 2999 lupo.

279 3141 292 3170 *
323 3137 423 3186 Emer
443 3137 496 3188 ine.
787 3177 791 3185 .

278 3136 337 3254 2)89.
359 3153 443 3254 Alangi
464 3203 623 3258 Antielaud.
648 3205 698 3257 lib.
716 3205 737 3254 Ι.
761 3204 817 3264 (ed.
834 3203 974 3269 Autwerp.
994 3201 1070 3268 1611)
1089 3201 1137 3253 fol.
1156 3205 1182 3256 6.

210 3272 302 3323 linit.
388 3273 446 3323 296.
465 3271 546 3323 Ouid,
564 3273 655 3323 Amor.
673 3272 696 3335 I,
713 3273 739 3336 8,
759 3274 816 3323 104.
894 3273 953 3324 300.
972 3269 1058 3322 sohel.
1076 3272 1183 3336 privas.

211 3341 312 3392 3010.
335 3339 423 3392 Anon.
447 3339 545 3390 Neval.
569 3355 595 3404 p.
613 3340 673 3390 493.
696 3337 838 3396 111110,
867 3339 916 3389 ubi
937 3342 1032 3390 tamen
1054 3337 1183 3389 ultimum

211 3407 326 3456 verbum
345 3403 462 3468 „deles“
480 3421 535 3456 nou
554 3405 692 3470 ,‚delum“.
794 3407 853 3456 302.
872 3405 959 3460 sehel.
995 3406 1057 3457 Non
1074 3407 1180 3469 Venus,

126 3529 131 3536 ¹
212 3481 284 3538 quaa
302 3471 368 3536 dee3
387 3473 469 3523 immo
487 3472 592 3537 Venus,
611 3487 682 3538 quae
701 3472 832 3523 meretrix
850 3471 940 3523 foeda.
1050 3477 1055 3486 ”
