2574 3976
175 189 237 254 184
478 191 540 244 una
561 191 606 242 vr.
644 208 669 246 v.
688 193 834 242 iso-cao.

175 342 323 405 Occubuit
345 344 488 412 Priamus,
513 343 677 424 Polydorus
700 352 730 404 et
752 346 816 422 ipse
842 339 966 422 Poiptes,

218 428 291 489 Cum
314 427 433 508 populis
456 447 559 489 ornnes
583 427 726 488 interiere
749 427 852 490 doces.
1094 437 1149 486 490

177 511 309 574 Solvitur
334 515 363 574 in
388 515 506 573 cineres
527 509 636 591 Trojae
658 510 801 572 latissima
824 511 920 582 sedes,

220 596 394 673 dequantur
417 597 505 674 piano
529 597 659 658 cuimina
682 594 759 656 celsa
783 596 865 663 soio;

181 679 319 741 Carnifici
342 681 460 742 iortuna
484 688 581 760 potest
603 699 667 740 mea
691 679 786 740 denda
809 681 925 750 videri,

223 765 317 826 Omne
341 765 431 826 trahit
452 783 551 827 secum
574 763 701 825 Palladis
724 766 766 824 ira
790 764 908 825 malum.

176 849 236 909 lam
261 859 371 918 metuo,
396 851 519 910 miseros
541 850 666 910 fratrum
690 848 768 928 quod
793 857 894 909 currat
915 851 945 910 in
969 858 1053 910 artus
1096 861 1148 910 405

221 925 256 993 Et
278 934 357 1011 quod
378 932 438 1012 jam
462 934 580 994 Danaus
603 933 740 1013 periodet
762 951 832 994 ense
855 933 940 995 latus.

177 1017 318 1096 Optarem
340 1019 439 1098 potins
462 1017 565 1097 perfigi
588 1017 710 1095 cuspide
733 1020 850 1096 raptim,

219 1100 313 1171 Quam
339 1103 414 1163 maia
438 1109 518 1161 tanta
541 1102 591 1162 din
614 1099 694 1162 ierre
718 1099 830 1162 doioris
853 1120 916 1166 acu.

179 1186 279 1246 iiitius
301 1183 351 1246 iiie
374 1188 459 1262 perit,
483 1185 579 1246 subita
604 1188 655 1264 qni
678 1189 823 1264 mergitur
845 1185 934 1255 unda,

116 1309 122 1324 .
217 1267 311 1340 Quam
335 1288 384 1330 sua
409 1272 458 1350 qui
482 1270 605 1331 tumidis
628 1269 748 1330 brachia
771 1271 859 1331 lassat
880 1272 981 1350 aquis:
1094 1281 1149 1328 500

175 1353 233 1414 Sed
258 1355 366 1414 misere
389 1353 469 1415 sotus
492 1362 628 1433 superest
650 1363 716 1433 post
738 1357 835 1416 omnia
860 1353 967 1424 luctus,

221 1439 299 1510 Quot
322 1437 397 1498 bona
422 1439 550 1516 possedi,
575 1447 617 1499 tot
640 1438 728 1500 modo
751 1447 830 1500 tanta
851 1439 924 1506 deo;

177 1516 238 1583 N'ec
261 1521 480 1591 lacrimabatnr,
504 1521 641 1584 lacrimas
663 1525 812 1583 introrsus
834 1522 958 1584 obortas

162 1634 168 1642 ·
218 1605 317 1666 Ebibit
338 1608 402 1685 ipsa
425 1607 511 1668 doior
532 1606 736 1687 iunereusque
759 1624 858 1686 pavor.

175 1693 291 1752 Aeneas
312 1689 392 1750 iilam
415 1695 495 1770 patri
519 1692 718 1761 commendat,
742 1691 819 1771 opud
843 1709 931 1770 quem
1094 1702 1146 1750 505

220 1774 296 1835 Toto
320 1783 451 1836 torturae
475 1784 609 1854 tempore
633 1775 738 1836 clausa
757 1775 849 1836 sedet.

175 1859 351 1935 Plangendo
374 1859 450 1937 iugit
473 1863 503 1920 in
528 1859 632 1920 aedem
656 1859 820 1921 Cassandra
843 1859 1000 1929 Minervae,
1084 1907 1087 1913 .

217 1942 272 2003 Hic
295 1941 408 2003 Heleno
431 1944 524 2004 fratre
547 1946 742 2004 concomitata
767 1943 848 2004 iatet.

171 2027 286 2088 »Graeci
310 2027 471 2094 devastant,
496 2027 650 2096 occiduum
676 2033 822 2104 nocteque
846 2035 904 2088 tota

220 2111 358 2172 Officium
383 2111 549 2189 Phrygibus
572 2113 650 2188 ignis
674 2115 805 2172 atensis
828 2121 927 2188 agunt.
1096 2122 1151 2170 510

178 2198 342 2272 Argentum
365 2199 491 2273 rapitur,
516 2195 601 2265 ebnr,
626 2213 741 2265 aurum,
764 2197 859 2256 serica
883 2196 979 2265 restio,

220 2279 366 2359 Ostraque
389 2297 455 2340 cum
478 2280 620 2358 phaleris
645 2299 786 2360 purpura,
810 2297 935 2357 gemma,
960 2277 1109 2358 chlamys;

144 2421 149 2430 .
175 2363 200 2423 E
224 2375 308 2441 porta
328 2362 452 2442 juvenes
475 2370 632 2442 exportant
653 2365 785 2444 pondera
809 2365 936 2440 praedae

218 2447 366 2508 Omnibus
390 2451 420 2509 in
443 2451 502 2508 fine
525 2448 733 2510 distribuenda
753 2447 838 2508 bene.

175 2531 293 2593 Occidit
314 2531 371 2591 hac
393 2541 474 2593 sorte
497 2532 629 2610 gaudens
651 2533 801 2613 opulentia
824 2530 939 2610 Trojae,
1094 2541 1147 2588 515

220 2616 311 2686 Finit,
335 2618 427 2695 litque
451 2618 526 2677 cinis
546 2615 619 2676 urbs
642 2616 728 2686 bona,
753 2617 840 2696 piena
864 2615 958 2684 bonis,

174 2698 281 2778 Ampia
306 2707 470 2778 potentatu,
495 2699 700 2771 celeberrima,
724 2702 810 2778 digna
835 2699 939 2768 relatu,

221 2784 301 2845 Felix
325 2785 463 2861 primatu,
489 2784 634 2864 principe,
656 2786 730 2854 cive,
754 2793 841 2845 statu.

177 2868 292 2943 iugiter
315 2870 418 2944 ignara
441 2867 560 2928 fortuna
583 2868 655 2947 quid
679 2879 760 2929 esset
781 2877 877 2929 amata

220 2953 298 3012 Urbs
322 2960 404 3013 vetus
427 2961 456 3012 et
478 2953 557 3012 clara
581 2954 613 3013 m
635 2951 767 3032 pecualis
790 2970 856 3023 ara;
1093 2961 1148 3009 590

268 3089 379 3096 ..ο-...-

244 3139 304 3188 489.
326 3135 418 3187 Schol.
437 3136 486 3186 filii
506 3142 584 3187 erant
602 3136 746 3191 Hecubae.
799 3139 858 3188 490.
879 3135 971 3188 Sobel.
985 3151 1052 3200 quos
1065 3151 1150 3200 prae·

179 3209 272 3256 sentes
290 3219 345 3254 non
363 3204 447 3267 videt,
466 3220 560 3256 omnes
578 3206 685 3263 occisos
704 3203 828 3256 credidit.
905 3206 964 3256 491.
982 3205 1058 3268 Virg.
1076 3204 1146 3254 Aen.

177 3272 225 3332 IV,
244 3273 296 3322 530
314 3271 431 3321 solvitur
448 3273 477 3320 in
495 3286 614 3324 somnos,
694 3274 753 3322 493.
772 3271 851 3323 ovid.
871 3273 956 3322 Trist.
974 3271 1025 3333 111,
1044 3272 1085 3334 11,
1104 3271 1147 3324 37.

175 3341 237 3389 494.
256 3337 334 3388 Ovid.
353 3339 436 3392 Trist,
454 3338 502 3399 111,
524 3341 563 3400 ll,
583 3341 614 3388 72

329 3403 416 3454 Omne
436 3404 522 3454 trahit
539 3421 632 3455 secum
652 3403 782 3455 Caesaris
802 3406 842 3454 ira
854 3381 968 3455 malum.

119 3521 121 3527 ,
177 3473 236 3522 499.
257 3473 314 3520 500.
333 3470 411 3520 Ovid.
431 3487 456 3522 e.
473 3472 550 3523 Pont.
570 3473 619 3534 111,
640 3473 663 3528 ’1,
683 3474 783 3522 9128.

1275 3167 1280 3200 i
