2574 3976
210 143 273 207 146
530 146 590 201 oro.
609 144 642 201 v.
669 162 695 198 v.
712 147 856 204 rer-ree,

213 297 319 360 Riotus
342 315 400 358 non
424 299 502 358 risus
524 297 574 358 bie
596 315 682 368 unus,
706 297 846 376 nullaque
870 300 974 369 virtus;

255 379 310 441 llic
332 398 384 442 sua
405 380 472 461 jura
495 380 571 443 ealix
594 381 777 454 nonhabet,
801 383 891 444 immo
914 375 1043 464 dhalybs.

215 464 378 546 Trajieitur
400 464 469 528 telis
491 465 537 526 bis
559 465 659 528 caedis
681 484 791 546 corpus
814 469 906 529 acutis

256 550 383 611 Possent
404 549 460 611 bae
484 551 574 612 caede
598 549 693 613 taedia
716 569 822 630 magna
847 552 927 615 dare.

122 655 124 660 ·
213 629 389 714 Conjugir'rm
414 635 533 696 tandem
558 653 638 696 rnors
662 637 726 715 ejus
747 636 808 697 lilia
830 637 904 708 linit,
1129 647 1189 697 435

254 721 338 782 luia
362 719 463 801 Cocyti
486 721 608 800 spiritus
631 727 695 781 atra
717 719 805 782 subit.

207 804 267 865 llic
290 823 344 884 per
366 805 527 882 sanguinea
552 803 702 866 connubia
724 805 845 866 foedera
868 805 966 876 ioeda,

253 886 344 949 Plena
368 885 562 950 cadaveribus
584 888 684 950 omnia
707 906 804 955 cerne,
820 888 894 950 loca.

209 971 326 1033 Lancea
349 990 404 1052 per
428 985 541 1052 peetus,
564 989 619 1050 per
642 971 726 1043 colla,
750 990 805 1053 per
827 973 876 1034 ilia
899 974 1005 1046 currit,

251 1057 377 1118 Mortem
400 1059 579 1135 praecurrit,
602 1059 738 1136 protinus
761 1055 810 1119 illa
832 1055 924 1119 subit.
1129 1067 1186 1118 440

211 1141 398 1218 Sanguineos
419 1143 511 1202 vomit
532 1138 584 1202 ille
606 1138 719 1218 globos,
744 1142 823 1203 eadit
844 1140 919 1202 alter
939 1150 970 1216 et
992 1142 1087 1222 ipsam

255 1224 414 1302 Squalidus
438 1244 453 1287 a
476 1227 601 1306 proprio
624 1227 768 1302 sanguine
791 1225 910 1288 mordet
931 1225 1065 1288 humum.

210 1310 266 1372 Hie
290 1309 384 1370 valida
407 1320 548 1372 currente
570 1327 624 1389 per
647 1328 738 1381 arma,
761 1329 817 1390 per
840 1329 906 1372 ossa
928 1312 1035 1382 securi,

253 1393 377 1455 Labitur
399 1395 430 1454 in
452 1403 554 1472 paries
576 1411 636 1455 una
659 1395 752 1470 figura
775 1394 858 1456 duae.

207 1476 343 1558 Corpora
367 1480 557 1556 magnanimo
581 1480 652 1539 satis
675 1486 720 1539 est
741 1487 908 1559 prostrasse
930 1479 1019 1554 leoni,
1131 1488 1187 1539 445

254 1562 321 1624 Non
344 1564 409 1624 istis
431 1570 572 1624 sternunt
593 1570 746 1643 strataque
769 1563 955 1625 confodiunt.

206 1648 265 1710 llio
289 1646 398 1725 digitos
420 1654 507 1709 tenet
529 1646 565 1708 ad
590 1644 710 1709 oculum
734 1649 909 1728 quaeritque
932 1648 1075 1719 foramen,

254 1731 372 1793 Soindit
395 1731 422 1792 ei
444 1731 544 1793 medio
566 1739 701 1812 tempore
725 1749 828 1794 mucro
851 1749 983 1796 manum.

214 1816 246 1876 ln
270 1816 399 1876 frontem
423 1817 580 1877 morientis
602 1815 700 1877 adbuc
722 1815 818 1894 rigido
840 1816 916 1896 pede
939 1814 1032 1877 caleat

253 1899 373 1980 Absque
397 1918 481 1961 mora
503 1903 638 1969 veniens
662 1907 696 1961 ut
717 1903 880 1972 moriatur„
895 1917 999 1980 equus.
1129 1909 1185 1960 450
1283 1935 1284 1961 t

210 1983 263 2045 llle
287 1990 387 2064 strepa
410 1985 552 2062 lugieutis
574 1985 644 2064 equi
666 2003 720 2064 per
743 1985 826 2046 devia
849 1985 984 2065 pendens

256 2067 342 2130 libat
364 2071 547 2146 sanguineos
570 2067 782 2130 excerebratus
805 2086 902 2147 agros.

211 2153 267 2215 Hie
291 2159 374 2214 earet
396 2145 534 2232 occipite,
558 2160 640 2214 earet
663 2151 713 2214 bie
736 2153 821 2233 pede,
846 2151 985 2214 eruribus
1006 2151 1065 2222 ille,

254 2236 388 2299 Mortuus
410 2237 459 2297 bie
482 2235 588 2319 pulsat,
612 2237 663 2297 bie
684 2239 849 2300 moriturus
870 2237 944 2298 hiat.

213 2322 356 2384 vectores
378 2318 516 2402 rectique
538 2321 624 2382 simul
646 2338 701 2400 per
723 2320 858 2384 membra
880 2321 1039 2390 vehuntur,
1130 2330 1183 2380 455

253 2407 370 2468 Mortua
393 2414 454 2467 tota
476 2405 578 2485 jacent
599 2405 705 2467 lunera
728 2407 822 2468 strata'
841 2409 897 2468 via.

212 2487 341 2553 Vulnera
366 2491 432 2570 quis
455 2497 600 2560 numeret,
625 2492 691 2568 quis
714 2491 828 2560 lunera,
852 2491 955 2568 quisve
977 2487 1111 2558 dolores:

255 2575 358 2636 Mortis
381 2583 425 2636 tot
448 2577 563 2655 speeies
587 2573 720 2636 seribere
743 2591 831 2636 nemo
854 2582 962 2653 potest.

212 2658 363 2739 Compluit
385 2660 529 2719 immensa
554 2659 749 2738 cataclysmus
771 2661 926 2737 sanguinis
948 2676 1016 2720 arra

253 2743 386 2821 Gurgitis
408 2744 503 2804 instar
526 2741 615 2802 babet
638 2744 722 2804 lusus
744 2744 885 2823 utrinque
908 2761 1008 2806 cruor.
1130 2751 1184 2801 460

211 2830 327 2906 bgmen
351 2829 517 2905 virgineum
541 2834 635 2888 tetum
657 2828 831 2905 perfuderat
853 2845 957 2906 agrurn

253 2912 406 2990 Sanguine
429 2918 487 2972 tam
511 2914 638 2992 patiens,
662 2930 751 2991 quam
774 2911 866 2991 llagra
889 2912 996 2973 mortis
1017 2927 1117 2988 agens.

194 3058 409 3077 h—-m-

272 3147 337 3202 4ae.
356 3146 424 3198 eoo.
443 3147 559 3198 coenni.
611 3149 689 3203 ‚eon
709 3133 828 3200 quarens
838 3146 917 3201 Alex.
936 3146 968 3208 ν,
987 3147 1044 3198 rer.
1062 3147 1095 3198 ee

412 3241 444 3251 —
462 3241 497 3252 -
514 3241 547 3252 -
567 3215 685 3280 genibus
705 3214 831 3266 cecidere
850 3214 974 3266 remissis

313 3281 447 3333 Vectores
465 3283 592 3347 vectique
611 3281 702 3332 simul.

1276 2957 1279 3066 l
