2590 3984
185 211 246 274 122
536 211 598 263 Lib.
616 210 665 261 IV.
694 227 721 264 v.
739 212 883 263 663-630.

347 357 498 427 [Lucius
516 356 743 413 TEUORORUM
761 358 810 412 DE
828 357 987 428 Paulum]

183 483 305 543 Postera
328 481 484 560 depulerat
506 479 606 541 stellas
629 483 743 541 Aurora
768 483 921 548 micantes,

196 609 202 616 -
226 567 394 645 Exquirunt
415 563 509 626 luteas
531 581 657 640 corpora
682 572 774 626 strata
798 563 912 626 domos.

182 651 341 712 Subterrat
363 647 501 709 Paridem
523 650 617 726 regali
642 651 726 709 curia
749 650 838 716 cultu.
1103 660 1154 710 665

224 737 328 798 Vivum
351 732 517 793 debuerant
539 749 627 808 quem
650 732 792 811 sepelisse
814 734 875 800 diu,

183 820 271 880 Vivus
294 818 372 878 enirn
396 818 503 878 multos
526 818 677 877 occiderat
699 821 773 897 ipse,
798 816 917 897 fuitque

225 901 394 964 Innumeris
416 900 533 980 populis
556 899 674 981 publica
698 919 786 962 causa
810 905 904 962 necis.

183 987 327 1048 Ledaeam
351 986 463 1064 pariter
486 985 603 1045 Paridis
625 1003 706 1046 mors
729 985 823 1055 laesit,
847 1003 973 1066 eamque

227 1071 298 1132 Esse
321 1070 489 1131 dolorosam
512 1070 632 1129 lacrima
656 1069 747 1130 multa
771 1069 868 1130 docet.
1046 1071 1050 1074 ’
1103 1081 1153 1130 616

181 1154 290 1217 Prodit
313 1157 392 1214 enim
417 1151 515 1214 luctus
537 1153 761 1214 inconsolabilis
784 1157 878 1231 ipsam

225 1238 302 1299 Vere
326 1238 476 1298 tristitiam
501 1255 559 1298 non
584 1237 722 1298 habuisse
746 1236 848 1299 levem.

67 1394 69 1399 ,
182 1323 337 1393 neroum
359 1321 461 1398 regina
485 1321 667 1394 considerat;
693 1330 739 1382 est
761 1322 963 1393 manifestum,

225 1409 288 1468 Rex
312 1409 363 1486 ait,
387 1407 466 1467 hauc
490 1424 557 1465 vera
581 1424 635 1466 nos
657 1405 811 1468 adamasse
834 1406 904 1468 ilde.

182 1491 234 1554 llla
257 1492 331 1552 fidos
353 1489 445 1551 infida
469 1491 563 1560 nimis,
590 1488 766 1570 bonitasque
789 1490 921 1570 maligna
1102 1501 1153 1550 615

224 1575 347 1636 Infamia
370 1575 457 1642 fama,
481 1574 544 1636 laus
566 1574 614 1636 lue
637 1575 725 1654 plena
748 1575 813 1645 fuit,

182 1659 266 1731 Quae
290 1660 445 1737 proprium
468 1659 610 1739 populum
634 1667 836 1726 contemnens,
862 1661 953 1720 immo
976 1661 1116 1721 maritum

229 1743 352 1805 Moecha
377 1743 440 1812 fuit,
465 1743 624 1804 moechum
645 1761 735 1822 prava
759 1750 857 1804 secuta
881 1740 1002 1804 malum.

279 1955 427 2026 [GRAECI
445 1956 631 2013 TROIANOS
648 1956 698 2010 AD
716 1955 864 2011 BELLUM
881 1957 1054 2026 VOCANT]

181 2098 304 2158 Postera
327 2095 376 2157 lux
400 2095 491 2155 radiis
514 2097 603 2157 latum
628 2097 769 2172 patefecit
790 2103 824 2155 ut
846 2096 961 2170 orbem,

224 2179 308 2241 Miles
331 2181 361 2240 in
384 2179 460 2240 urbe
482 2188 591 2249 manet,
615 2180 718 2239 limine
741 2187 828 2256 porta
851 2180 959 2241 studet.
1100 2190 1150 2239 oto

182 2265 328 2325 Provocat
350 2263 386 2324 ad
409 2271 526 2343 portam
549 2262 694 2342 Trojanos
716 2264 811 2324 hostis
833 2263 965 2334 atridem

225 2347 282 2420 Qui
304 2349 379 2408 foris
400 2349 553 2415 insultant,
577 2348 688 2493 propre
712 2351 867 2429 minasque
892 2348 992 2410 boant.

181 2433 363 2493 Alterutrum
387 2433 509 2493 mittunt
530 2435 642 2494 vitiosa.
674 2449 726 2492 ore
749 2434 871 2511 sagittas

224 2517 258 2577 ln
281 2517 451 2596 pharetram
476 2515 576 2578 cordis
599 2517 665 2578 vilis
688 2515 724 2577 ab
748 2517 815 2596 igne
835 2516 930 2578 datas.

181 2600 284 2677 Surgit
306 2602 402 2660 ironia
425 2601 578 2680 risumque
601 2603 714 2662 colorat
738 2618 881 2668 amarum,
1098 2609 1148 2659 625

226 2686 339 2762 Lingua
360 2683 434 2763 jacit
454 2683 583 2763 jaculum
608 2684 713 2746 mellea
736 2683 804 2745 felle
827 2683 923 2745 litum.

181 2769 369 2846 ingeminant
391 2768 507 2830 blaesos
529 2786 601 2829 naso
624 2770 773 2848 crispante
797 2768 966 2842 cachinnos,

75 2923 78 2930 ,
140 2853 145 2859 ”
223 2853 338 2914 Probra
363 2863 484 2924 canunt,
507 2860 595 2932 turpe
618 2852 712 2931 surgit
734 2854 885 2932 utrimque
909 2850 1010 2912 melos.

183 2938 265 2998 lnter
288 2945 330 2999 tot
353 2939 423 2998 vitia
445 2938 533 2999 simul
555 2944 584 2997 et
606 2938 732 2999 convitia
755 2936 850 2998 Troes

224 3022 366 3084 Crebrius
389 3023 419 3082 in
441 3039 571 3100 pugnam
595 3021 722 3083 buccina
746 3022 859 3112 Graeca
881 3029 975 3081 vocat.
1096 3029 1148 3080 630

250 3272 307 3341 603.
326 3290 377 3341 Or.
396 3291 505 3340 Metam.
525 3289 586 3350 vn,
606 3291 663 3342 100.
743 3290 801 3350 619,
825 3295 855 3338 ut
873 3289 929 3340 orb.
948 3304 981 3340 ox
1000 3287 1099 3339 Ouidio
1119 3291 1149 3338 et

182 3373 197 3407 e
215 3373 298 3421 marg.
319 3372 368 3422 pro
388 3357 446 3411 cod.
464 3357 497 3407 in·
513 3355 569 3407 orb.
588 3357 637 3407 Ov.
656 3356 722 3406 Met.
743 3355 792 3420 IX,
812 3358 862 3407 ret

283 3424 398 3474 Postera
417 3424 463 3474 lux
481 3423 567 3474 radiis
585 3422 672 3474 latum
689 3423 862 3488 patefecerat
880 3423 981 3474 orbem.

152 3491 156 3497 “
181 3491 242 3540 626.
260 3489 348 3541 lirum.
