2592 3978
197 173 236 240 16
322 139 329 148 ’
522 175 584 228 uia.
603 177 622 226 1.
654 192 677 226 v.
698 177 838 228 iacies.
946 141 949 144 ¹

195 329 229 392 in
252 327 375 408 specuio
399 329 507 389 mentis
529 337 644 407 captam
667 329 746 404 videt
767 330 818 391 iiie
841 347 975 390 sororem

237 414 275 476 Et
298 415 423 475 fratrum
446 414 561 492 pariter
583 414 796 493 interitumque
818 416 923 492 patris,

195 497 313 576 Colligit
334 500 481 558 introrsus
503 515 553 559 res
574 506 684 577 raptas,
709 500 825 560 moenia
848 501 952 570 fracta,

239 585 337 663 Seque
360 581 498 643 dolorosa
519 583 698 646 sustinuisse
721 582 842 661 probra.

196 668 370 748 Opportuna
394 675 494 728 tamen
517 685 570 728 rex
593 677 698 731 nactus
720 676 869 748 tempora;
893 687 1018 749 „pensa

239 749 296 823 Oh,
321 753 370 821 ait,
394 755 542 823 Antenor;
566 770 642 830 quae
665 751 719 814 tibi
742 751 832 814 verba
853 751 974 833 loquor:

196 838 312 920 Optime
335 839 380 898 vir
402 838 494 908 nosti;
518 855 604 918 quae,
627 845 735 916 quanta
758 839 904 898 calumnia
928 837 1014 900 nobis

237 923 310 984 Lata
332 923 369 984 sit
391 941 406 984 a
430 922 561 984 Graecis.
608 923 779 984 intumuere
804 925 900 992 minis,

195 1008 261 1069 Non
284 1007 403 1069 suiiecit
425 1008 478 1077 eis,
503 1015 622 1069 nostros
645 1010 791 1086 attingere
815 1009 889 1069 fines

237 1093 342 1170 Magna
367 1111 433 1154 cum
456 1090 574 1172 populis
597 1093 773 1172 applicuisse
796 1100 869 1154 rate.

195 1176 276 1246 uim
301 1194 368 1237 cum
392 1177 509 1256 populis
532 1177 673 1238 deberem
696 1177 796 1238 dicere
819 1179 947 1258 pompis,

237 1263 340 1340 iiagna
364 1261 528 1324 debueram
551 1261 653 1322 dicere
676 1265 873 1339 magnanima.

194 1347 329 1429 Denique
351 1349 541 1424 magnanimo
566 1346 726 1423 calcarunt,
751 1351 842 1409 immo
866 1347 996 1428 superbo

214 1432 305 1492 'iiiox
327 1438 361 1492 ut
382 1449 501 1501 venere,
525 1429 612 1492 iitora
627 1428 735 1493 'nostra
758 1431 848 1510 pede;

195 1517 322 1596 insuper
344 1514 486 1578 insultum
511 1515 612 1576 iecere
635 1517 789 1577 minaciter
812 1517 895 1598 urbip

237 1602 433 1662 inconsuetus
456 1607 519 1662 erat
540 1600 608 1661 taiia
631 1600 743 1680 probra
767 1603 836 1681 pati.

194 1687 232 1747 Et
255 1702 291 1745 ne
315 1694 458 1764 concepta
480 1683 559 1765 quod
584 1685 621 1748 ab
644 1688 795 1767 impietate
820 1687 945 1756 deesset,

237 1771 362 1832 Ferrum
387 1771 573 1831 strinxerunt
594 1772 624 1831 in
648 1773 742 1852 patris
765 1790 817 1832 ora
839 1774 910 1832 mei.

194 1854 332 1917 Mortuus
354 1861 407 1925 est,
432 1862 461 1915 ct
482 1862 553 1916 tunc
575 1857 605 1916 in
630 1860 752 1918 moenia·
772 1864 872 1918 nostra
895 1865 1018 1918 ruentes

237 1943 431 2001 Innumeram
454 1941 595 2020 praedam
618 1959 676 2003 non
700 1944 765 2003 sinc
789 1941 879 2004 caede
902 1948 1031 2021 patrant,

193 2024 378 2104 Oaptirando
401 2043 500 2086 meam
523 2045 622 2087 secum
647 2027 758 2086 duxere
780 2044 925 2096 sororem,

237 2110 313 2171 Tum
337 2128 428 2190 quum
451 2129 483 2170 se
505 2113 618 2190 patriae
640 2113 799 2172 restituere
821 2129 900 2175 suae.

194 2194 286 2256 irasci
309 2197 417 2255 merito
440 2192 722 2265 deberemtaiibus,
745 2195 834 2256 immo

237 2278 347 2350 iieheo,
371 2281 515 2340 conticuit
537 2288 637 2340 nostra
662 2278 781 2358 quercia
806 2279 867 2339 diu.

196 2364 329 2426 iiiciscar
351 2382 429 2434 vero,
454 2365 506 2425 sed
530 2363 718 2427 dissimulare
741 2362 847 2425 vaieho

238 2449 352 2518 Cetera,
377 2451 401 2510 si
424 2448 485 2510 scia
509 2451 679 2511 conditione
701 2452 800 2511 iruar:

193 2531 347 2596 Reddatur
369 2535 482 2614 captiva
506 2553 600 2604 soror,
624 2539 684 2596 sint
706 2534 797 2596 aitera
821 2535 917 2613 pacist

240 2619 271 2678 Si
294 2620 403 2688 minus,
428 2617 551 2679 hostiles
574 2622 711 2696 protinus
733 2619 808 2680 adde
831 2621 935 2679 minas.

194 2705 342 2765 Antenor!
365 2709 414 2764 tua
438 2703 509 2764 dicit
529 2703 684 2772 idoneitas,
710 2703 788 2779 quod
812 2701 848 2762 ad
871 2703 943 2763 istas

239 2789 389 2868 Suscipias
411 2805 528 2867 operas,
553 2806 624 2866 ergo
646 2795 768 2866 paratus
791 2795 874 2848 eas.“

194 2876 326 2935 Antenor
348 2871 481 2952 parendo
505 2879 591 2951 parat
612 2875 814 2934 conscendere
837 2890 951 2941 navem,

239 2958 396 3020 Veiiiieans
420 2955 567 3018 Graecum
589 2959 714 3036 contigit
735 2955 784 3018 iiic
808 2957 914 3018 scium.

195 3043 298 3119 Pergit
319 3040 509 3119 Magnesiam,
533 3041 715 3123 Peieumque
738 3040 853 3112 saiutat,
878 3040 919 3102 ibi
942 3050 1003 3102 tres

237 3126 362 3187 Hortatu
384 3123 464 3186 Peiei
488 3127 686 3188 continuando
710 3127 784 3189 dies.

194 3210 317 3272 Inchoat
339 3213 471 3272 Antenor
493 3229 610 3273 causam
634 3214 762 3274 recitare
783 3211 895 3273 laboris

238 3295 274 3355 Et
296 3295 375 3376 quod
399 3293 437 3356 ob
461 3295 627 3377 iiesyonem
651 3301 766 3378 ceperit
786 3299 849 3377 ipsa
872 3301 959 3359 viam.

264 3482 320 3533 168.
339 3481 451 3551 Margo:
470 3485 575 3538 incone.
595 3501 693 3554 nempe
712 3491 801 3554 peter.
