2590 3984
419 172 483 224 Lib.
501 173 550 225 1v.
586 187 613 226 v.
633 171 775 225 tue-13⁷.

166 326 227 389 lam
250 325 386 403 sequitur
409 325 546 386 Paridem
569 323 670 388 mallet
692 324 791 387 abisse
814 325 918 388 virum.

123 412 182 473 Pro
206 408 257 473 tali
279 418 383 488 stupro
406 409 522 470 sudavit
543 411 676 473 Graecia.
691 411 772 470 tcta?

166 495 225 556 Pro
248 493 301 556 tali
323 501 426 572 stupro
450 503 572 556 corruet
594 496 692 556 omnis
714 493 823 554 homo?

122 579 168 641 En
189 581 315 642 miseras
336 578 451 660 plebes,
474 587 507 640 ui
528 579 693 640 transiliam
716 578 875 650 trabeatos,

166 663 297 726 Succidit
320 663 436 742 gladius
457 670 491 724 ut
513 669 665 725 resecatur
688 661 762 724 clus.
842 681 843 684 ¹

122 749 204 832 Esto,
228 748 306 830 quod
329 757 359 810 et
380 746 478 808 doleat
500 755 530 806 et
551 757 636 826 rapta
658 748 697 808 sit
718 756 747 806 et
770 745 908 809 violatam

168 833 206 894 Sc
228 831 363 913 deploret
385 831 483 894 adhuc
505 830 681 893 sustinuisse
704 848 810 892 manu:

123 915 246 980 Libram
265 915 371 995 judicii
393 919 420 978 si
442 923 526 979 recte
549 916 664 994 dirigis,
687 933 800 996 aequus

166 1002 306 1081 Raptcris
329 1000 444 1070 titulus,
467 1007 570 1062 noster
593 1002 714 1080 iniquus
737 1001 804 1062 erit.

123 1087 169 1147 dn
192 1103 251 1148 non
273 1085 440 1166 Hesyonem
463 1086 548 1164 prius
570 1085 600 1145 in
619 1102 696 1146 nece
719 1087 798 1164 regis
821 1102 924 1146 eorum

166 1169 325 1247 ddjunctis
346 1168 449 1248 spoliis
471 1168 689 1232 abstuleramus
712 1170 773 1230 eis?

123 1254 237 1315 Prodiit
259 1273 276 1314 a
298 1253 386 1316 nobis
408 1251 517 1331 injuria
539 1256 645 1335 prima,
668 1260 844 1333 queruntur.

165 1338 254 1400 Iuste.
300 1338 461 1402 Causarum
483 1356 571 1400 causa
592 1339 693 1417 perire
716 1337 801 1399 sciet.

123 1423 219 1502 Saepe
241 1424 430 1501 sagittantem
455 1421 559 1483 didicit
580 1423 708 1483 referire
731 1425 846 1500 sagitta,

122 1541 125 1547 ·
166 1506 242 1568 Sunt
262 1507 338 1568 hacc
361 1525 378 1566 a
400 1505 487 1568 nobis
510 1505 624 1587 spicula
647 1506 736 1568 missa
757 1508 851 1585 prius.

126 1591 248 1654 Leniter
271 1609 308 1652 cx
330 1593 449 1660 meritc,
473 1591 615 1671 quicquid
637 1593 763 1672 patiare,
785 1590 940 1653 ferendum
964 1598 1017 1662 est,

168 1675 250 1746 Quae
273 1678 352 1738 venit
373 1677 523 1738 immerita
545 1693 640 1754 poena
664 1674 791 1736 dolenda
814 1679 904 1737 venit
1041 1731 1044 1736 .

126 1760 213 1821 Nunc
235 1779 290 1822 nos
311 1761 470 1822 innumera
492 1759 615 1822 collecta
638 1758 731 1821 classe
753 1759 880 1821 furendo
1045 1769 1092 1820 ιιι

169 1843 311 1905 Venimus
332 1844 392 1905 huc
416 1851 496 1906 casta
519 1862 574 1924 prc
597 1843 722 1904 muliere
744 1845 840 1904 mori?
1130 1851 1132 1860 ’

125 1928 210 1990 Hanc
233 1927 317 1990 reddi
340 1931 477 2008 petimus,
502 1937 532 1990 et
554 1919 671 2008 quando
694 1929 865 1990 reduximus
886 1927 976 2000 iliam,

168 2011 250 2082 Quae
272 2011 364 2074 subiit
386 2014 531 2076 Graecum
556 2030 616 2074 nnn
637 2012 715 2074 benc
738 2020 823 2093 capta
845 2012 960 2074 scium?

127 2093 252 2168 Quando
275 2097 407 2159 redemta
430 2099 487 2161 tura
508 2114 589 2158 mors
610 2096 837 2160 Laomedontis?
860 2097 946 2159 ubive

167 2181 365 2243 Reddidimus
387 2182 495 2263 Trojae
518 2183 623 2243 damna
647 2188 762 2261 patrata
785 2181 880 2243 male?
1043 2193 1092 2241 130

125 2265 205 2327 Prch
227 2265 334 2344 pudor,
355 2266 407 2327 hic
428 2270 496 2330 Asia
517 2269 637 2328 fervens
658 2267 838 2345 Europaquc
860 2274 955 2326 totum

168 2349 229 2411 Sub
252 2349 321 2411 belii
345 2349 456 2413 librant
477 2353 612 2432 pandere
634 2367 723 2429 pcssc
744 2367 841 2413 suum·

125 2434 170 2494 dd
192 2451 336 2512 generum
359 2435 478 2498 Cereris
501 2454 568 2497 cum
591 2433 683 2496 multo
706 2435 851 2512 sanguine
873 2433 965 2496 multa

168 2517 313 2580 Miserunt
334 2520 489 2581 hominum
510 2519 602 2582 millia
624 2525 721 2580 morte
743 2518 828 2579 maia.

125 2602 206 2664 Haec
229 2607 316 2665 Asiae
338 2622 424 2666 mens
447 2615 500 2675 est,
525 2603 711 2666 utadultera
734 2607 794 2665 sint
818 2612 847 2665 et
869 2602 986 2666 adulter
1045 2613 1104 2663 135·

168 2688 300 2750 Foedere
322 2707 430 2752 securo
453 2693 531 2751 sicut
553 2707 655 2752 amore
678 2700 759 2751 suos

65 2851 68 2857 Ι
125 2771 280 2850 Pugnandi
301 2791 397 2851 genus
419 2776 582 2854 egregium,
607 2793 712 2855 parare
735 2773 864 2835 scienter

124 2931 327 2946 ——u-

194 3027 250 3076 123
271 3024 323 3079 Or.
340 3026 399 3080 Am.
418 3027 454 3089 Ii,
473 3028 497 3091 7,
517 3029 549 3077 12

260 3092 358 3158 Aequo
378 3095 469 3144 animo
487 3109 613 3160 poenam,
632 3094 679 3160 qui
696 3107 827 3157 meruere,
847 3093 948 3143 ferant.

126 3177 182 3232 12⁴.
201 3177 252 3230 Ov.
269 3179 348 3230 Porri
366 3179 389 3241 1,
410 3180 494 3242 ιιι.

259 3245 365 3313 Estque
383 3248 444 3312 pati
461 3262 575 3314 poenas,
595 3262 677 3313 quam
695 3247 837 3307 meruisse,
855 3245 953 3296 minus.

126 3329 183 3380 126.
200 3329 230 3380 in
254 3329 392 3396 margine:
416 3331 517 3384 ironia.
620 3333 679 3384 127.
699 3331 786 3382 illam.
804 3344 905 3394 margo.
923 3328 1092 3393 Hesyonam.

67 3421 69 3428 v
125 3396 277 3530 messiam
296 3413 311 3448 e
329 3399 454 3464 margine
472 3413 521 3464 pro
541 3398 625 3450 codic.
644 3399 736 3450 sicin.
790 3396 1092 3452 recrastinandum
1158 3475 1160 3480 ,
