2590 3984
445 151 508 202 Lib
525 151 573 204 IV.
608 166 633 202 u.
653 151 796 203 228-256.

179 307 320 367 lntexens
343 303 465 366 humili
463 302 586 382 singula
609 301 698 364 verba
721 301 798 364 stilo.

130 390 278 454 Aeacides
300 379 395 450 ilexus
418 386 592 467 alloquitur:
618 389 873 465 ongamemnon!

179 475 281 540 Miror,
306 475 355 543 ait,
379 480 510 533 nostram
533 480 563 532 te
584 471 711 533 subiisse
734 491 844 534 casam.
1055 482 1106 531 230

135 559 180 622 td
203 566 233 618 te
256 576 304 619 me
326 559 424 636 potius
446 557 549 618 invitat
570 555 673 635 regula
696 559 780 626 recti,

180 643 256 704 Cum
277 660 331 702 rex
355 641 478 711 dicaris;
502 643 557 701 sim
581 658 699 722 quoque
721 642 805 702 miles
829 658 893 718 ego.
931 645 932 654 ’

132 726 201 790 'Sub
223 724 326 788 labaro
350 723 474 806 prodire
496 735 580 786 tuum
603 743 656 786 rex
679 729 778 805 poscis
801 724 963 811 Achillem,¹

179 811 242 871 Rex
265 814 323 888 pie,
346 813 514 872 moestitiae
537 813 720 889 compatiare
742 829 837 874 meae.

136 895 299 957 incolumis
318 893 424 955 leviter
446 913 518 972 ergo
540 893 644 955 solatia
667 893 800 972 praebet,
1055 903 1104 953 235

180 980 243 1041 Nec
265 981 362 1041 minus
384 981 521 1040 infirmus
542 981 632 1040 sentit
654 980 690 1039 ad
713 997 802 1040 omne
824 978 943 1041 malum.

135 1063 286 1126 Vulneror
307 1072 337 1124 et
359 1063 491 1125 clausum
515 1071 603 1143 porto
626 1063 681 1125 sub
704 1072 828 1143 pectore
849 1062 951 1135 telum,

179 1149 245 1210 Non
268 1149 357 1210 habet
378 1151 408 1208 iu
432 1147 512 1210 laeso
536 1165 663 1226 corpore
685 1166 784 1228 pugna
806 1146 915 1210 locum.

137 1232 207 1294 Dira
231 1231 334 1294 dolens
357 1236 473 1294 animus
497 1250 557 1294 non
580 1234 679 1293 estin
702 1231 779 1293 bella
801 1233 974 1303 trahendus,

182 1316 298 1380 Debent
319 1318 507 1396 magnanimo
530 1315 643 1397 proelia
666 1317 755 1377 corde
778 1316 851 1395 geri.
1055 1327 1105 1376 240

137 1400 274 1462 Vulneris
297 1401 325 1461 id
348 1419 442 1480 genus
465 1409 517 1470 est,
543 1399 622 1477 quod
645 1419 713 1462 curn
736 1399 866 1461 sanabile
889 1419 948 1462 non
972 1402 1010 1461 sit

179 1484 241 1546 Nec
263 1504 323 1547 non
346 1487 466 1547 tractari
488 1487 581 1545 tutius
604 1503 670 1546 esse
692 1493 773 1565 puto.

135 1569 337 1651 Myrmidones
359 1568 412 1630 tibi
436 1572 521 1632 mitto
544 1587 642 1639 meos;
665 1571 748 1638 milri,
772 1568 901 1649 postulo,
924 1587 1044 1648 parcas;

167 1653 244 1715 Non
267 1660 381 1733 potero,
405 1654 559 1734 princeps!
581 1651 640 1715 hac
661 1654 725 1715 vice
748 1653 823 1716 bella
847 1657 940 1732 sequi.

137 1737 199 1799 Nec
220 1737 310 1799 voluit
332 1756 394 1808 rex,
418 1757 474 1799 nec
496 1739 593 1819 potuit
613 1756 666 1798 rex
690 1756 798 1816 angere
821 1746 978 1809 moestum,
1054 1749 1103 1798 245

180 1822 285 1883 Grates
307 1821 488 1901 persolvit,
479 1841 510 1883 ιιι
533 1841 585 1884 sua
608 1833 705 1884 castra
726 1823 815 1884 redit.

198 2003 372 2058 nouimus
389 2004 430 2059 IN
448 2003 521 2059 HOC
539 2004 663 2072 BELLO·
674 2004 804 2058 MANET
823 2004 863 2059 IN
881 2003 1040 2059 CASTRIS.

136 2109 197 2170 lam
219 2126 290 2186 vaga
315 2127 366 2171 sex
388 2109 503 2171 vicibus
525 2128 579 2188 per
603 2127 723 2189 campos
745 2108 814 2170 iuna
837 2109 959 2179 volarat,

113 2241 116 2245 .
179 2193 239 2254 lam
262 2196 509 2273 pertransierat,
530 2193 588 2272 jam
612 2196 657 2255 vir
679 2197 709 2255 in
733 2212 815 2256 arma
838 2193 924 2264 volat,

138 2277 199 2338 Iam
223 2276 332 2339 luctam
354 2281 413 2340 iert
433 2297 531 2358 pugna
554 2297 669 2348 novam,
693 2297 762 2338 cara
786 2295 897 2338 cornua
920 2279 1013 2339 fortes

180 2362 308 2424 Invitant
330 2362 455 2442 pugiles,
479 2379 603 2439 surgere
627 2365 710 2441 signa
733 2361 825 2422 vides.
1053 2372 1104 2422 250

137 2447 188 2508 Sic
210 2448 289 2507 acies
312 2450 373 2507 ruit
396 2450 425 2506 in
449 2449 537 2515 acies,
561 2447 604 2506 sic
627 2447 705 2506 ensis
728 2449 759 2505 in
783 2463 894 2515 ensem,

182 2529 266 2591 Sicut
287 2549 359 2611 aper
381 2531 508 2592 validum
532 2529 620 2592 (lente
642 2528 767 2591 bisulcat
790 2547 904 2608 aprum.

136 2614 294 2694 Postquam
317 2615 517 2695 Myrmidones
539 2615 620 2677 ierus
642 2616 817 2677 informarat
838 2614 975 2686 Achilles,

179 2699 221 2758 nu
245 2698 355 2760 bellum
380 2700 493 2762 celeres
516 2699 627 2777 dirigit,
650 2704 715 2780 ipse
738 2709 847 2760 manet.

136 2781 238 2858 Pugna
262 2785 294 2844 tit
317 2791 345 2846 et
366 2802 464 2864 pugna
489 2783 564 2854 talis,
588 2789 673 2863 quasi
696 2793 729 2845 tu
750 2783 927 2845 furibundos
1052 2793 1102 2843 255

180 2867 217 2927 Se
241 2869 478 2930 commordentes
500 2871 651 2930 intuercre
674 2887 774 2930 canes·

205 3106 263 3154 233
282 3065 438 3172 emargine
457 3122 506 3170 pro
525 3107 626 3171 possis.
695 3105 753 3156 237.
772 3104 908 3169 Pamphil.
925 3106 949 3168 1,
970 3107 992 3156 1

237 3173 374 3224 Vulneror
391 3178 420 3224 et
438 3173 614 3239 clausumque
632 3172 688 3224 iero
707 3172 757 3223 sub
777 3179 889 3238 pectore
907 3160 1001 3236 telum,

203 3241 262 3289 241
280 3242 321 3290 42.
341 3241 391 3297 0v
411 3242 492 3292 Pont.
512 3243 547 3304 II,
566 3246 590 3306 2,
609 3244 650 3296 59.
669 3243 702 3292 60
804 3255 809 3260 ·

203 3306 333 3360 Vulneris
351 3309 379 3358 id
396 3325 484 3375 genus
503 3279 554 3371 esi,
573 3309 644 3375 qnod
663 3324 724 3358 oum
743 3306 869 3359 sanabile
887 3324 943 3359 non
962 3311 1008 3372 sit,

237 3375 299 3426 Non
316 3379 482 3429 contrectari
500 3347 589 3429 tutius
608 3392 669 3428 esse
687 3380 791 3441 putem.

131 3444 195 3500 251.
214 3443 325 3510 Margo:
343 3447 441 3510 Pugna
459 3445 561 3496 XVIII.
