2590 3984
197 165 257 230 108
501 169 563 220 Lib.
581 169 631 224 IV.
667 185 693 219 v.
714 170 855 221 rubeat.

195 321 307 382 Anxius
330 321 366 381 ad
390 321 521 382 Primum
544 321 635 384 mittit
655 339 711 400 pro
734 338 806 400 pace
829 321 966 402 petenda,
1114 331 1170 382 195·

239 409 277 468 Ut
299 424 403 486 pacem
426 406 507 467 senis
530 405 683 467 mensibus
706 423 770 466 esse
792 407 873 468 velit.

195 491 317 572 Trojani
339 508 443 569 pacem
467 489 607 551 dedirunt
629 497 765 567 tempore
787 497 879 560 tanto,

238 575 390 645 Nolumus,
416 573 591 644 exclamant,
615 573 730 652 proelia
752 592 825 655 paco
847 576 922 654 regi.

196 659 310 721 Ibimus
332 660 361 719 in
385 667 481 719 castra
504 659 671 720 Danaorum
694 659 825 736 plectere
849 666 981 728 cunctos,

238 744 351 805 Ibimus
374 745 410 805 ad
433 743 557 821 pelagus
579 743 748 804 incinerare
769 751 859 804 rates.
1113 753 1173 802 100

196 831 334 890 Attamen
357 846 373 888 a
395 826 517 905 reliquis
540 844 607 888 cum
629 845 683 888 rex
705 847 762 906 pro
784 846 857 907 pace
879 827 1020 904 requirit;

238 913 355 981 Pacem,
380 919 555 974 cunctorum
579 921 811 981 1011111001,
835 911 907 974 dari.

196 995 368 1076 Suscipiunt
390 996 546 1066 modicam,
571 1004 676 1056 coeant
700 1005 731 1057 ut
753 995 883 1064 vulnera,
907 997 989 1076 pacis
1045 1034 1047 1037 -

238 1082 385 1160 Tempore
408 1079 536 1160 Tydides
559 1086 588 1140 et
609 1081 762 1142 Menelaus
784 1099 880 1158 opem.
949 1071 968 1130 f

195 1165 290 1227 Troes
313 1172 343 1225 11
364 1164 457 1225 Danai
478 1167 578 1244 potius
601 1165 748 1227 tumulare
770 1166 908 1226 videntur

237 1249 282 1311 Ob
305 1248 412 1311 nimios
435 1249 570 1312 cumulos
592 1268 680 1329 quam
703 1249 853 1312 cumulare
876 1265 955 1310 suos.

194 1334 228 1395 ln
252 1333 380 1395 tumulos
399 1333 512 1412 jactant
533 1332 676 1405 cumulos,
701 1332 831 1396 tumulos
853 1332 1033 1396 cumulando

236 1420 274 1481 Et
296 1417 448 1480 cumulant
469 1419 599 1481 tumulos
619 1415 826 1482 intumulando
849 1420 940 1480 viros.

273 1600 397 1654 VERBA
415 1600 466 1653 AD
484 1599 672 1654 aculonem
689 1599 739 1653 UT
756 1599 930 1656 RESUMAT
947 1599 1074 1654 BELLA.

194 1706 231 1770 ln¹
250 1705 361 1766 bellum
384 1724 525 1768 revocare
547 1705 669 1767 studens
691 1707 892 1784 Agamemnon
916 1704 1059 1766 Achillem

236 1791 374 1852 Assumto
398 1791 488 1853 subiit
510 1791 635 1852 Nestore
659 1796 754 1851 castra
778 1791 871 1851 ducis.
1110 1799 1169 1848 2102

193 1875 298 1936 lnclite
320 1875 416 1952 miles,
441 1877 490 1946 ait,
513 1877 556 1936 vir
579 1884 709 1950 strenue,
732 1875 789 1936 lide
812 1873 936 1935 sodalis!

236 1959 410 2020 Procumbit
431 1959 557 2036 genibus
580 1960 703 2022 Graecia
727 1966 786 2019 tota
809 1961 877 2020 tuis.

194 2043 287 2104 lmmo
311 2051 470 2104 coronatus
494 2062 557 2113 rex,
582 2052 777 2118 1111011111,
801 2042 854 2103 sed
877 2043 989 2107 amicus

236 2127 280 2189 Te
303 2134 389 2202 rogat
409 2129 538 2188 intentas
561 2127 763 2189 continuando
785 2145 906 2205 preces;

193 2211 322 2272 Prodeat
343 2213 374 2270 in
398 2210 508 2272 bellum
531 2221 580 2274 tua
604 2213 735 2281 dextera,
760 2211 883 2291 prodeat
905 2208 954 2271 illa
1109 2219 1163 2267 215

235 2297 425 2374 Armipotens
448 2295 545 2374 galea;
569 2305 731 2376 nostraque
753 2294 829 2360 bella
849 2295 927 2374 juva.

193 2379 376 2458 Suppliciter
399 2382 473 2459 petit
495 2381 542 2442 hic
565 2390 613 2442 tua
636 2383 743 2461 patria,
765 2379 889 2444 Graecia
911 2386 979 2450 tota,

235 2465 309 2524 'lota
332 2463 498 2544 parentela;
523 2465 628 2527 bellica
651 2469 736 2544 signa
758 2464 831 2525 leva.

192 2549 310 2609 Atrides
334 2552 422 2609 etiam
447 2549 502 2610 tibi
525 2551 550 2610 11
572 2559 640 2610 tuus
663 2559 707 2611 est
729 2548 855 2628 alicujus

235 2632 385 2702 immenti,
409 2633 469 2694 noli
492 2642 557 2694 vota
581 2650 691 2710 negare
715 2632 796 2693 milri.

192 2715 226 2776 Si
249 2715 332 2786 mihi,
356 2717 381 2778 si
402 2719 524 2797 patriae,
549 2718 572 2778 si
596 2717 710 2778 civibus
732 2734 813 2777 arma
835 2733 972 2796 negares

224 2800 300 2860 'ltux
321 2801 526 2871 inhonestatis,
545 2801 646 2862 hostis
669 2802 777 2862 amoris
799 2802 867 2862 eris.

194 2883 267 2945 Cum
291 2903 357 2946 rosa
382 2888 421 2946 sis
443 2888 567 2965 patriae,
591 2903 650 2946 non
674 2885 764 2946 debet
786 2888 889 2965 spinea
911 2902 1009 2946 rosam

234 2969 297 3029 Hoc
319 2971 390 3030 vitio
413 2968 529 3031 macula
551 2970 725 3032 derosnlare
744 2989 854 3032 rosam.

191 3051 228 3111 Et
252 3068 446 3133 quaecunque
469 3062 576 3133 potest,
600 3073 653 3115 rex
678 3054 830 3116 allectoria
854 3054 943 3116 verba
1107 3063 1162 3110 aar>

232 3135 351 3198 Prolert
372 3139 403 3199 in
425 3139 553 3200 medium
577 3139 749 3201 mollificare
772 3141 881 3205 virum.

191 3219 318 3301 Projicit
340 3222 485 3300 ampullas
508 3231 538 3284 et
560 3222 777 3303 sesquipedalia
801 3221 890 3296 verba

258 3390 316 3442 201.
334 3384 446 3454 Margo:
465 3390 565 3440 iterum
583 3405 637 3456 pax
656 3361 707 3454 viji
728 3405 775 3444 sex
792 3391 932 3443 mensium.
1013 3390 1072 3442 117.
1090 3389 1161 3442 Hor.

188 3453 240 3504 Ars
257 3459 331 3520 poet.
349 3472 375 3507 v.
393 3459 434 3508 97.
