2592 3978
222 197 264 261 44
334 225 337 230 Α
531 197 592 252 nto.
611 200 649 252 11.
685 215 712 250 v.
731 201 874 251 rar-ue.

224 351 256 412 ln
279 352 379 427 galeas
401 350 492 415 lelces
513 350 651 433 redeunt,
673 355 704 413 in
726 350 786 429 pila
809 351 924 430 ligones

269 436 404 498 Loricam
427 443 536 497 textam
559 455 681 498 vomere
702 436 781 499 ridet
802 453 883 514 ager.

529 616 707 672 NUMERUS
723 616 878 677 NAVIUM.

221 741 289 820 lpse
310 739 477 804 Misenaeus
499 757 675 819 magnorum
698 741 805 802 ductor
826 739 969 802 Achivdm

265 823 390 884 Centum
413 828 592 904 praecipuas
615 825 761 904 praecipit
782 827 829 886 ire
850 833 941 886 rates.

224 909 262 969 Se
285 914 382 970 movet
405 927 421 970 e
444 909 549 988 Sparta
572 909 732 979 Menelaus,
756 927 879 970 currere
902 928 990 971 naves

270 991 428 1069 Sexaginta
449 991 533 1071 jubet
555 993 662 1054 damna
686 991 830 1074 probrosa
852 1012 984 1072 gemens.

222 1075 368 1138 Peneleus
389 1079 541 1158 princeps,
564 1097 653 1157 quem
676 1087 817 1156 promptu
840 1077 940 1139 Boetia
962 1080 1062 1150 mittit,

265 1160 487 1240 Quinquaginta
510 1170 600 1234 rates,
622 1171 656 1223 nt
676 1161 870 1232 fabricentur,
894 1165 968 1242 agit;

223 1243 353 1315 Tertius,
376 1254 465 1324 atque
486 1246 590 1308 Dimas
612 1247 779 1308 Prothenor
802 1255 832 1309 et
853 1246 1021 1310 Arcesilaus

265 1329 394 1408 Erpansi
416 1333 491 1392 socii
514 1339 640 1411 suntque
662 1329 774 1393 laboris
797 1331 833 1393 ei.

223 1411 266 1472 Ex
288 1413 478 1475 Orchomeno
501 1425 644 1495 properat
665 1417 846 1496 trigintaque
868 1433 958 1478 neree
1054 1491 1056 1496 ,

267 1498 421 1559 delmenus
443 1499 575 1570 adducit,
596 1503 644 1562 cui
666 1518 768 1561 comes
788 1500 980 1578 Ascalaphus.

223 1583 387 1661 Aschepius
409 1583 495 1645 fortis
518 1591 548 1643 et
570 1584 769 1663 Epistrophus
792 1604 829 1646 ex
850 1585 993 1647 Polixeuo

264 1666 413 1727 Fecerunt
434 1667 534 1729 decies
556 1679 684 1748 quatuor
704 1671 749 1730 ire
771 1678 860 1730 rates.

223 1748 294 1826 Ajax
317 1752 431 1811 interea
454 1751 644 1818 Telamonius
667 1769 703 1813 ex
726 1751 874 1815 Salamina

268 1834 340 1895 Cum
363 1833 481 1896 Teucro
503 1838 597 1897 fratre
620 1841 738 1916 navigat
760 1847 790 1900 et
812 1837 911 1898 llorio.

229 1915 372 1987 Theseus,
397 1919 629 1999 Amphimachus
652 1925 812 2002 sociusque
834 1920 1000 2000 Polyxenus
1022 1922 1075 1995 illi,

270 2001 471 2079 Quadraginta
495 2013 575 2065 rates
597 2006 648 2066 hic
670 2023 829 2066 numerare
852 2016 958 2084 potest.

224 2085 288 2146 Non
312 2087 470 2147 credemus
492 2090 521 2149 in
544 2089 602 2149 hoc
624 2092 739 2150 venisse
760 2090 910 2168 juvamine
934 2090 1046 2153 Ulixem

268 2169 361 2230 humo
384 2180 491 2249 quater
512 2191 601 2234 naves
624 2182 744 2236 vexerat
765 2173 815 2234 ille
836 2175 951 2236 decem.

221 2252 323 2330 Deque
345 2254 417 2334 Pylo
439 2255 547 2318 Nestor
568 2257 661 2319 trahit
682 2261 834 2338 octoginta
855 2263 982 2328 carinas,

264 2337 319 2400 Dat
341 2340 433 2401 semel
455 2341 625 2404 Aetholious
648 2351 678 2403 et
699 2350 804 2422 quater
825 2350 892 2404 octo
914 2343 1013 2404 Thoas

221 2421 255 2481 ln
279 2441 361 2483 mare
384 2431 431 2485 ter
453 2427 545 2488 denas
567 2426 711 2489 laetanter
733 2426 835 2489 Oileus
856 2429 929 2489 Aiax

263 2506 442 2588 Praecipitat
463 2531 589 2592 puppes,
612 2530 679 2574 cum
702 2513 809 2590 quibus
831 2521 899 2574 octo
920 2511 1009 2574 loces.

220 2657 424 2673 ᾐ--υ-ι--ι

289 2743 347 2797 151.
365 2745 407 2795 62.
425 2744 504 2809 ovid„
522 2747 599 2797 Post.
616 2747 637 2809 Ι,
656 2745 759 2812 nullon.

576 2841 609 2851 -
627 2841 660 2851 -
677 2841 711 2851 -
730 2819 792 2866 erat
811 2815 902 2881 optior
918 2815 992 2868 ensis

356 2877 486 2930 Vomere:
506 2880 624 2933 cedebat
641 2887 737 2934 taurus
757 2887 850 2934 orator
868 2897 949 2948 equo.

323 2944 439 2998 Sercule
456 2949 620 3000 cessabant:
637 2951 765 3016 versique
783 2951 813 3001 in
831 2951 889 3017 pile
907 2950 1015 3014 ligones

355 3014 499 3081 Factaque
518 3014 553 3067 de
571 3019 656 3068 rastri
672 3019 794 3085 pondere
812 3018 901 3069 cessis
919 3024 990 3072 erat.

221 3079 278 3130 1⁶3.
298 3079 398 3146 Virgil.
417 3082 486 3133 Aen.
504 3083 552 3148 XI,
570 3087 630 3136 ton
699 3088 754 3138 lon.
778 3086 845 3136 Pen.
869 3099 924 3136 uon
948 3086 1021 3150 apud
1038 3086 1182 3148 Deretem;

219 3143 269 3194 sed
288 3147 370 3210 apud.
383 3149 482 3214 Virgil.
495 3152 564 3205 Aen.
577 3152 615 3211 11,
632 3154 692 3208 425.
729 3155 788 3204 160.
800 3152 867 3206 Cod.
880 3167 1011 3218 expense.
1048 3156 1183 3209 itihcod.
1285 3201 1288 3216 ,,

130 3244 135 3254 .
220 3210 397 3266 corcomeno.
459 3219 517 3272 162.
527 3219 719 3283 Achnlnphne,
738 3235 789 3271 noe
802 3235 817 3270 e
829 3221 936 3272 Derete
948 3222 1021 3285 Asc,
1037 3223 1085 3286 qui
1102 3223 1184 3273 etiem

219 3293 269 3343 pro
288 3279 437 3333 Thelemne
450 3285 539 3335 nostri
554 3286 640 3337 hebet
655 3287 802 3338 Jelrnenue
820 3293 991 3354 quapropter
1006 3291 1182 3341 mutavimuse

218 3345 340 3399 Addnclt
360 3349 511 3402 Thelemue
537 3353 566 3402 in
589 3353 733 3405 Jelmenns
755 3354 874 3409 adducit.
943 3358 1001 3408 loo.
1026 3357 1117 3408 Dares
1140 3373 1183 3408 no·

217 3414 317 3545 lqogqaeqt:
348 3417 545 3483 Epistrophum
567 3423 596 3470 et
614 3419 759 3471 Schedium
783 3437 818 3472 ex
840 3423 971 3476 Phocide.
1042 3426 1100 3476 165.
1119 3424 1182 3476 Cod.
