2592 3978
441 165 503 216 Lib.
521 166 557 216 11.
593 181 619 217 v,
637 167 779 218 eae-320.

173 321 325 382 Invehitur
349 320 447 381 medio
469 322 578 400 puppis
600 321 723 382 honesta
747 319 817 382 salo.

131 407 225 468 Nauta
248 405 428 466 Philoctetes
450 407 489 466 sit
510 406 547 466 de
570 405 737 484 potioribus
759 425 844 474 unus,

174 490 228 552 Cui
250 490 306 551 luit
327 493 359 551 in
382 489 506 569 reliquis
528 488 595 567 plus
618 492 663 550 via
687 498 755 550 nota
778 493 881 551 marie.

129 577 370 654 Argonautarum
393 577 494 635 socius
516 574 572 634 luit
594 572 643 636 hic
666 573 765 644 homo,
791 593 919 654 quocum
1046 583 1096 633 295

171 657 338 738 Phryxeam
361 660 448 737 petiit
470 657 564 719 Pelias
587 658 676 720 arhor
699 677 793 724 ovem.

130 743 270 820 Undique
294 741 357 804 vela
380 742 488 812 volant,
512 743 598 822 longa
621 743 747 803 statione
770 744 872 804 videre

173 827 231 888 Per
253 825 353 906 pelagi
375 827 476 888 solitas
500 827 544 888 sol
567 827 745 907 prohibetur
767 845 869 907 aquas.

131 910 236 972 Velant
257 911 320 972 uela
343 930 435 988 mare,
459 930 541 973 mare
565 920 657 974 totum
681 929 770 972 cerne
791 911 901 984 volare,

173 994 281 1057 Dividit
302 995 432 1057 undosas
454 1015 576 1076 spumea
600 1015 688 1076 prora
711 999 781 1057 vias.
1043 1006 1094 1055 300

130 1081 244 1142 Pontus
265 1088 356 1159 ponte
379 1089 461 1141 earet
483 1079 557 1141 mihi
581 1080 692 1150 dieunt,
715 1080 765 1141 hio
787 1099 842 1159 ego
864 1087 988 1160 pontum

175 1165 282 1226 Verius
303 1183 319 1224 a
342 1165 435 1226 multo
457 1167 556 1226 dicere
578 1174 670 1244 ponte
693 1183 780 1244 queo.

131 1249 246 1310 Pontus
269 1251 357 1318 enim,
381 1256 478 1310 textus
500 1250 568 1326 quia
592 1249 734 1326 pontibus
757 1259 810 1319 est,
834 1249 886 1310 uhi
909 1250 1020 1312 classes

173 1333 330 1395 Pontifices
351 1342 461 1412 pontus
482 1335 581 1411 pontis
604 1333 640 1394 ad
662 1336 756 1394 instar
778 1332 892 1394 hahet,
958 1379 963 1384 „

130 1419 295 1496 Imperium
318 1427 443 1496 tangunt
464 1419 587 1488 Priami,
610 1419 734 1479 munitio
757 1417 902 1496 quaedam
1043 1427 1093 1476 3⁰5

150 1577 152 1584 Α
175 1501 225 1564 Est
247 1503 299 1570 ihi,
323 1521 413 1581 quam
435 1520 502 1563 rara
526 1502 648 1564 dextera
670 1505 762 1562 iactat
783 1503 874 1562 humi.

131 1585 187 1648 Hie
209 1605 312 1648 versus
335 1587 476 1649 Tenedon
500 1586 680 1666 procedunt,
702 1587 840 1666 quicquid
863 1585 973 1647 ibidem

176 1671 240 1732 Viri
261 1672 426 1749 reperiunt,
450 1675 557 1732 mortis
580 1671 616 1731 ad
640 1689 709 1731 arva
732 1672 864 1734 trahunt.

130 1754 277 1817 Praedam
299 1757 427 1834 partitur
449 1758 652 1833 Agamemnon
675 1755 834 1834 habetque,
859 1763 961 1815 vocato

174 1841 307 1918 Agmine,
332 1840 369 1900 de
390 1837 461 1900 belli
483 1839 605 1921 provida
630 1840 719 1900 rerba
741 1848 829 1900 statu.
1043 1849 1094 1899 310

130 1922 226 1984 Vultis
248 1934 280 1985 ut
301 1925 338 1984 ad
361 1924 512 1985 Priamum
535 1927 669 1984 mittatur
691 1927 830 1993 nuncius,
854 1926 960 2004 inquit,

174 2006 335 2079 Quaerens,
359 2009 429 2088 quid
452 2007 530 2076 iecit,
543 2003 579 2068 'si
601 2011 716 2070 variare
738 2008 818 2070 velit.

131 2090 267 2153 Reddere
290 2091 352 2154 vult
373 2091 526 2161 Helenam,
549 2094 587 2153 sit
610 2091 719 2153 bellum
743 2111 817 2172 paee
838 2091 1004 2172 sepultum;

174 2175 207 2236 Si
228 2179 336 2247 minus,
360 2179 391 2237 in
413 2175 518 2255 gladiis
540 2177 750 2255 aggrediamur
772 2195 850 2238 eum.

131 2259 243 2321 Forsan
267 2271 327 2322 tum
350 2261 447 2321 medio
469 2264 570 2341 posuit
591 2262 664 2323 deus
686 2263 786 2322 omnia
809 2280 924 2341 campo,
1045 2271 1094 2320 315

174 2343 289 2406 Sentiet
310 2348 401 2407 iratos
423 2346 531 2408 Troica
553 2345 663 2424 praeda
685 2346 779 2406 deos„

131 2429 174 2489 Ad
198 2429 350 2490 Priamum
373 2432 456 2492 missi
479 2430 637 2492 Diomedes
658 2438 728 2490 sunt
750 2438 779 2490 et
801 2428 900 2490 Ulixes

173 2512 267 2574 Ambo
290 2514 419 2584 facundi,
443 2515 522 2575 serre
546 2514 668 2576 lereuda
691 2512 788 2595 probi.

141 2659 316 2716 acumine
333 2661 380 2716 ET
399 2661 585 2716 TELEPHUS
602 2660 820 2716 MITTUNTUR
837 2661 876 2715 IN
893 2661 1078 2732 misimur)

133 2770 165 2830 ln
190 2766 310 2847 lllysiam
336 2767 498 2846 Telephum
522 2768 630 2828 direxit
652 2786 703 2830 rer
727 2777 757 2828 et
777 2765 919 2828 Achillem

173 2853 277 2921 Urere,
300 2852 447 2928 praedari,
471 2852 600 2913 subdere
623 2860 730 2920 ouuota
753 2854 828 2912 neci.
1044 2860 1095 2909 320

130 2989 321 2998 ....-.-----—

197 3056 256 3105 293.
285 3052 455 3104 Philoctetes
478 3054 614 3104 eDarete
636 3068 685 3118 pro
704 3051 763 3102 eod.
782 3051 964 3103 Philoetares.
1034 3055 1093 3105 294.

131 3128 277 3173 nautarum
297 3135 332 3174 ex
349 3120 473 3186 margine
492 3137 540 3186 pro
558 3121 618 3170 eod.
635 3123 788 3173 nautatum.
858 3122 917 3171 236.
941 3117 1034 3171 Ovidii
1052 3123 1096 3171 est
1125 3177 1127 3181 ,

128 3188 242 3241 Heroid.
261 3188 326 3250 XII,
344 3189 370 3239 8.
439 3190 498 3239 298.
517 3203 551 3238 ex
568 3189 691 3254 margine
709 3203 758 3253 pro
776 3187 886 3238 sasitos.
955 3189 1014 3241 306.
1031 3203 1095 3238 rare

121 3273 166 3314 ‚ex
182 3255 309 3320 margine
328 3271 377 3320 pro
396 3261 467 3314 rata,
486 3255 558 3320 quod
578 3254 783 3321 significatione
801 3254 915 3317 „firma“
933 3259 1026 3320 aptum
1045 3255 1096 3306 sed

129 3329 218 3374 metro
237 3320 318 3388 (raith)
335 3322 533 3374 inconvenieus
551 3328 634 3374 esset.
704 3325 762 3374 313.
781 3322 838 3376 eod.
856 3322 981 3372 Reddere
998 3322 1095 3374 sirult

129 3391 267 3443 Helenam
280 3397 334 3445 eto.
368 3393 427 3442 315.
439 3391 547 3441 Lucani
559 3394 602 3442 est
610 3390 705 3444 Pharo.
716 3389 777 3453 v11,
788 3391 847 3441 348.
883 3391 942 3440 313.
952 3390 1093 3440 Moesiam.

196 3457 221 3522 ⁸)
243 3458 376 3524 Mysiam,
393 3473 462 3523 non,
481 3458 553 3523 quod
572 3457 658 3508 codex
677 3462 705 3508 et
722 3457 812 3507 Dares
830 3457 933 3508 habent
950 3457 1093 3521 Moesiam,

179 3547 272 3590 Troilus.
874 3544 891 3590 4
