2590 3984
190 117 231 182 86
495 121 555 172 Lib.
575 122 625 174 111.
658 137 687 177 v.
705 122 850 173 tte-tur.

260 300 322 356 HIC
340 300 510 369 POPPES*)
528 299 606 358 DUX
625 299 822 359 OCGIDITUR
837 303 889 357 AB
907 301 1085 360 HECTORE.

190 407 327 467 Hectoris
349 408 500 484 Ingentem
523 409 681 476 fortunam.
706 409 797 470 robur
820 411 927 471 avitum

230 493 343 570 Aspicit
364 492 515 561 Aeaciden,
539 494 749 571 prospiciendo
772 494 861 554 dolet.
1106 501 1158 554 450

190 575 334 655 IIesperat
356 576 466 638 Danais
489 579 664 654 contingere
687 597 773 655 posse
795 577 978 658 triumphum

231 661 359 720 Hectore
381 661 483 739 Cocyti
506 665 536 721 ni
559 661 706 722 subeunte
727 662 831 724 lacum.

190 745 315 822 Cogitat,
338 748 512 806 innumeros
535 763 592 824 ope
614 745 732 806 roboris
754 747 818 827 ejus
840 745 974 816 Achivos,

230 829 324 889 Immo
346 830 409 889 fere
432 837 566 899 cunctos,
590 831 768 893 occubuisse
791 833 898 900 duces;
1120 886 1123 889 ,

189 911 226 973 Εῑ
248 913 336 992 qnod,
360 931 396 974 eo
419 913 482 974 solo
505 933 595 993 super
617 933 686 976 arva
709 919 877 997 superstite,
901 923 961 976 tota
1103 925 1153 976 455

233 998 415 1059 Graecorum
439 999 557 1076 penitus
580 1001 618 1060 sit
639 1002 772 1079 peritura
795 1018 908 1063 manus.

189 1079 349 1159 Sanguinis
371 1082 452 1141 iIIius
474 1083 565 1159 igitur
587 1086 651 1144 sitit
671 1083 721 1144 iiie
743 1085 887 1146 fluentum

230 1166 391 1226 Intendens
414 1167 478 1244 ejus
500 1185 637 1244 mergere
659 1177 756 1230 morte
778 1176 877 1250 caput.

188 1250 324 1326 Pugnant
348 1256 377 1311 et
399 1250 497 1311 dubiis
519 1252 620 1312 volitat
643 1255 763 1317 victoria
787 1255 902 1334 pennis,

235 1335 318 1396 Nunc
341 1337 472 1396 moriens
495 1345 621 1416 spumat,
645 1341 698 1418 qui
721 1339 808 1398 modo
831 1339 924 1398 vIctor
946 1344 1018 1408 erat,
1105 1345 1157 1396 460

189 1419 274 1480 Nunc
296 1419 348 1480 sset
370 1423 430 1498 qui‘
444 1422 518 1508 risit,
541 1422 620 1483 ridet
643 1422 730 1483 modo
754 1423 804 1504 qui
827 1425 885 1483 cito
908 1421 1001 1490 flebit,

231 1502 285 1564 Hic
307 1505 395 1564 modo
417 1507 467 1584 qui
489 1507 609 1584 perimit
630 1506 679 1566 hic
701 1506 877 1586 perimendo
900 1509 988 1584 perit.

188 1586 277 1649 Millia
299 1587 391 1648 multa
415 1590 533 1659 cadunt,
557 1589 628 1650 beili
650 1592 815 1652 constantia
838 1591 935 1668 largos

231 1674 379 1752 Purpurat
402 1679 431 1732 et
453 1676 547 1735 nimio
568 1678 713 1752 sanguiue
735 1676 832 1753 pingit
854 1692 951 1752 agros.

189 1757 338 1818 Horridus
360 1756 411 1816 iile
433 1758 489 1825 leo,
514 1759 645 1819 danaum
668 1760 757 1820 tImor
779 1762 894 1829 unicus,
919 1759 1038 1829 Hector,
1104 1766 1154 1818 465

229 1841 350 1902 Militiae
372 1843 539 1919 specuium,
562 1846 747 1906 strenuitatis
770 1845 866 1906 honor

186 1925 242 1986 Hic
264 1925 351 1994 volat,
374 1924 425 1985 hic
447 1927 567 1995 revolat,
592 1927 690 1988 dubiis
712 1929 760 1989 hic
782 1929 872 1988 corda
895 1928 1055 1996 mInistrat,
1147 1937 1149 1941 “

231 2009 283 2068 Hic
305 2005 425 2088 pavidos
447 2013 566 2079 animat,
591 2017 709 2089 agmina
732 2015 843 2074 Graece
867 2020 958 2073 secat.

189 2092 283 2172 Major
307 2094 333 2153 ei
356 2096 466 2154 erescit
488 2097 609 2158 audacia
632 2097 757 2177 Poppite
778 2106 880 2167 strato,

233 2177 312 2238 Inter
334 2189 486 2255 magnatos
508 2199 568 2241 non
592 2193 656 2242 erat
677 2182 729 2244 ille
750 2183 858 2242 minor.

189 2259 272 2323 Illius
295 2261 344 2322 hic
366 2263 471 2343 clypeo
494 2266 581 2326 stmul
603 2275 784 2346 arreptoque
807 2264 908 2343 galero

228 2345 369 2425 Inpavido
392 2351 501 2411 scindit
523 2349 607 2411 obvia
631 2358 737 2412 cuncta
760 2350 859 2411 modo.

187 2431 338 2501 MIramur‚
362 2436 432 2494 totIs
454 2436 524 2495 dum
548 2435 646 2496 fundit
668 2453 793 2515 corpora
816 2434 939 2512 campi-s,

231 2515 262 2576 Si
285 2524 344 2576 tam
368 2517 502 2596 glorifico
524 2521 634 2580 robore
656 2519 765 2597 gaudet
788 2519 889 2580 homo.

123 2650 130 2666 ,
187 2599 249 2669 Qua
272 2601 366 2661 victor
389 2603 509 2680 gaudes,
534 2603 658 2664 innecte
681 2606 804 2664 uctoria
827 2604 948 2683 perdet:
1103 2608 1153 2670 475

208 2683 489 2748 Invictustotiens
502 2686 590 2748 illico
612 2689 707 2748 victus
731 2689 800 2747 eris.
859 2700 860 2704 ’

186 2768 266 2830 Mors
289 2771 406 2831 mordet
428 2772 550 2832 meliora
574 2774 666 2850 prius,
691 2771 791 2852 pejora
815 2788 965 2850 supremo,
1005 2847 1007 2854 y

259 2867 263 2878 .
426 2857 434 2880 .

228 3005 254 3070 *)
267 3007 385 3072 Poppae.
404 3006 492 3058 Dares
506 3007 685 3071 Polyboetnm
699 3008 831 3069 nominat,
846 3010 877 3055 ut
890 3010 918 3055 et
930 3005 1062 3068 marginis
1076 3003 1154 3054 seho-

186 3075 244 3125 lion
262 3074 297 3124 ad
314 3090 341 3128 v.
353 3075 410 3126 469
428 3075 567 3130 observat.
629 3077 687 3126 452.
707 3074 766 3126 aod.
785 3073 899 3124 coeichi.
956 3075 1014 3124 459.
1033 3071 1153 3144 imitatio

188 3141 270 3193 ovid.
288 3142 357 3192 Met.
376 3141 452 3204 VIII,
472 3144 511 3193 13.
547 3143 624 3192 inter.
643 3147 790 3205 utrumque
814 3139 891 3191 volat
914 3139 977 3190 dub.
995 3139 1067 3192 Vict.
1092 3153 1153 3203 pen

185 3211 244 3259 469.
263 3207 393 3260 Scholion
420 3209 563 3276 margInia.
600 3208 709 3274 Poppae
736 3209 790 3258 dux
814 3208 848 3259 ab
866 3207 987 3258 Hectore
1011 3206 1154 3266 occiditur,

186 3276 233 3326 hic
252 3276 308 3328 alio
326 3276 436 3327 nomine
455 3277 483 3326 in
502 3277 600 3341 Dictye
621 3280 665 3324 est
682 3275 843 3340 Polybetes‚
863 3275 911 3339 qni
929 3291 990 3324 cum
1010 3275 1085 3324 socio
1105 3287 1154 3323 suo

186 3345 305 3396 Leontio
328 3343 481 3395 adduxerat
497 3342 547 3392 XL
567 3357 662 3398 naves.
680 3369 712 3380 -
730 3341 835 3395 Hector
852 3342 963 3407 accepit
980 3341 1108 3406 clypeum
1127 3344 1156 3388 et

187 3411 297 3476 galeam
314 3410 469 3476 Polybetis.
505 3408 612 3460 Crescit
630 3425 678 3476 pro
697 3409 755 3461 eod.
775 3409 922 3474 „crossit“.
