2574 3976
431 269 493 321 88,
513 269 557 322 vr.
593 283 618 317 v.
638 270 781 342 spa-ste.
1029 265 1096 340 1951

164 423 303 484 Promisit
326 431 444 497 tempus
467 429 567 480 nostra
590 423 706 482 marina
729 420 848 498 quibus.

123 509 221 569 bleute
243 514 343 566 tamen
367 504 477 566 tumida
501 513 635 582 cogente,
659 503 799 583 superbia
823 507 932 566 mansit

164 592 317 652 Materiam
333 588 424 650 mulii
446 590 647 668 compositura
671 589 750 651 mali.

122 677 259 738 Nascitur
281 677 360 735 inter
383 693 434 734 eos
456 691 576 742 rancor,
599 682 708 744 tumor,
731 676 785 744 ira,
809 674 951 746 simultas,
1040 685 1090 734 815

164 760 295 844 18811188
318 761 443 829 lacinus,
468 775 535 818 cum
558 758 676 818 feritate
700 759 794 820 dolus.

122 845 258 923 Denique
280 847 461 904 conveniunt
483 842 550 902 lites
572 843 706 904 acuendo
730 843 905 905 Corinthum

166 927 349 989 Inmemores
370 929 524 1006 propriam
549 928 594 986 rix
617 930 751 1006 tetigisse
773 929 902 1000 domum,

123 1013 161 1074 Et
182 1015 241 1074 nisi
264 1012 405 1074 Nestorea
429 1029 534 1089 pacem
557 1010 677 1073 suadela
700 1021 824 1079 crearet,
860 1053 862 1055 -

169 1097 285 1158 Fessus.
302 1116 334 1159 se
356 1094 483 1177 populus
505 1098 536 1156 18
560 1113 634 1157 nova
659 1094 734 1161 bella
758 1097 852 1158 daret.
1042 1107 1092 1158 820

125 1181 159 1242 ln
183 1199 236 1243 sua
259 1183 380 1243 victoria
403 1199 564 1244 conversus
587 1184 700 1242 viscera
723 1183 804 1242 ierro

165 1265 272 1328 Festus
295 1269 448 1327 consuevit
471 1275 514 1325 tot
535 1281 680 1342 generare
704 1265 788 1326 mala:
877 1315 878 1320 ,

123 1351 185 1412 Nec
208 1352 271 1411 sine
292 1348 409 1428 jactura
432 1349 583 1412 Menelaus
605 1351 726 1410 loedere
748 1349 835 1409 laedo

168 1433 268 1495 Foede
292 1434 428 1495 foedatus
449 1436 481 1494 18
504 1451 556 1494 sua
579 1451 672 1510 regua
695 1433 789 1505 redit;
898 1451 902 1460 ·

123 1518 239 1579 Rumor
260 1519 292 1588 it,
317 1527 346 1578 et
368 1535 508 1597 magnum
531 1517 721 1580 sermonibus
743 1527 868 1596 occupat
890 1517 1005 1592 orbem,
1043 1529 1093 1580 888

167 1603 242 1662 llum
266 1620 340 1679 quae
364 1605 549 1681 contigerant
571 1601 654 1662 orbis
674 1603 704 1662 iu
728 1621 800 1664 aure
822 1611 942 1664 sonant:
1045 1615 1047 1621 ·

125 1685 218 1757 Quam
243 1688 325 1748 Paris
347 1687 517 1757 abstulerat,
542 1696 571 1748 et
592 1703 648 1766 pro
670 1706 728 1767 qua
752 1687 875 1749 Graecia
899 1696 956 1748 tota

167 1771 224 1832 Per
246 1771 340 1832 denos
360 1789 454 1833 anuos
476 1772 588 1851 proelia
611 1775 712 1842 movit,
736 1771 831 1834 adest!

125 1857 224 1917 Patria
249 1860 403 1919 concurrit
426 1856 481 1918 hac
504 1875 559 1936 pro
581 1855 710 1916 muliere
733 1856 867 1927 videnda,

167 1939 213 2001 08
235 1959 325 2021 quam
346 1950 391 2003 tot
411 1957 562 2021 procerae,
586 1947 630 2000 tot
651 1943 769 2019 periere
791 1941 892 2002 duces.
1038 1951 1090 2002 888

124 2024 262 2095 Quamvis
283 2027 408 2104 pulchra
431 2028 519 2096 soret,
543 2028 656 2092 dicunt,
680 2029 757 2105 quia
773 2025 859 2086 foeda
881 2027 986 2087 luisset

167 2109 258 2170 Passa
279 2111 471 2189 peregrinum
494 2097 600 2190 sponte
622 2108 779 2192 libensque
801 2112 906 2180 81888,

125 2193 192 2254 Non
216 2213 248 2253 se
272 2192 437 2256 debuerant
458 2198 488 2255 18
511 2204 636 2256 mortem
660 2212 715 2273 pro
737 2193 862 2256 muliere

171 2277 230 2337 lam
253 2280 349 2358 turpis
371 2281 467 2340 lamae
490 2279 580 2340 millia
602 2287 683 2339 tanta
706 2279 787 2341 dare.

125 2362 188 2423 Nec
211 2370 327 2440 poterat
349 2364 492 2424 mundum
515 2363 643 2444 Trojano
665 2364 750 2424 ruina
772 2362 877 2436 latere,
1045 2371 1094 2422 835

172 2446 306 2526 Undique
328 2449 405 2508 larua
429 2447 515 2518 volat,
539 2447 628 2526 Troja
651 2465 704 2525 per
727 2465 779 2508 ora
802 2446 893 2507 labat.¹

126 2530 273 2594 Mirantur
295 2534 466 2612 quicunque
489 2529 586 2594 solent
606 2533 721 2593 ratione
742 2533 849 2611 potiri:

169 2614 324 2678 Narrantis
346 2615 455 2696 conjux
477 2616 587 2696 pendet
609 2615 645 2676 ab
668 2634 720 2678 ore
743 2617 806 2676 viri.

127 2699 225 2779 Troja,
249 2700 359 2770 lerunt,
382 2700 498 2772 cecidit,
522 2720 610 2782 quam
633 2700 726 2778 gloria
749 2699 827 2764 celsa
849 2699 964 2770 levavit,

168 2785 355 2863 Magnificum
379 2804 469 2866 saepe
490 2804 599 2848 noman
622 2787 659 2847 ad
681 2793 760 2846 astra
783 2784 859 2847 tulit.
1044 2792 1096 2842 840

127 2867 242 2937 Quanta
263 2877 433 2946 potentatus
453 2871 564 2931 luerint
585 2871 712 2945 insignia
735 2868 843 2949 Trojae

170 2951 232 3012 Nec
254 2952 381 3014 facunda
403 2961 501 3032 potest
522 2971 661 3033 promere
684 2951 782 3030 lingua
805 2952 893 3014 8888.

128 3036 200 3116 Ejus
222 3036 419 3098 inhaerebant
442 3038 542 3098 audito
564 3037 683 3098 nomine
706 3054 803 3114 reges,

116 3189 118 3192 ,
172 3119 242 3200 Ejus
264 3123 300 3181 ad
323 3123 481 3203 imperium
505 3131 714 3183 contremuere
737 3121 843 3192 duces;

196 3359 254 3410 825.
274 3357 367 3408 Ovidii
385 3365 429 3409 eat
445 3357 557 3410 Metam.
575 3357 623 3418 VI,
644 3359 701 3408 147.
777 3358 835 3410 eet.
854 3359 896 3410 38.
915 3358 965 3410 08.
984 3357 1052 3408 Her.
1070 3358 1095 3422 1,

128 3428 169 3482 89.
187 3429 227 3478 30.
297 3425 432 3477 Mirantur
446 3425 570 3492 justique
589 3441 677 3489 aenea,
695 3425 873 3490 trepidaeque
891 3424 1017 3490 puellae:

332 3493 477 3545 Narrantis
495 3492 595 3559 conjux
612 3492 715 3560 pendet
733 3493 769 3544 ab
787 3507 834 3544 ore
853 3494 913 3544 viri.

128 3563 187 3616 838.
206 3560 273 3616 (lod.
292 3559 443 3627 Conjuunx.

841 3645 892 3696 13·
