2590 3984
462 161 524 213 ιιι.
543 163 594 214 ιιι.
630 177 656 213 v.
674 163 800 227 es-1or.

194 311 333 392 Ejusdem
357 313 494 374 manibus
516 313 625 374 occidit
648 313 889 392 Amphimachus.
939 357 943 362 -

151 397 320 478 xantippus
342 397 533 476 Mnestcrque
556 397 647 459 duces
668 398 740 459 hinc
761 399 831 459 inde
854 395 986 460 volantes

193 483 324 544 Graecos
346 481 504 544 debilitant
525 481 656 550 ensibus,
679 483 770 543 immo
793 491 909 545 necant.

151 566 244 628 Ocius
266 569 399 627 occurrit
421 565 579 628 Diomedes
601 585 753 647 quumque
776 569 895 628 maritat
943 555 965 600 *¹

192 651 288 713 Ocrea
310 650 430 720 loricae,
453 651 589 731 perforat
609 669 680 711 ense
703 651 785 712 duos.
1084 661 1118 710 90

211 829 346 886 GRAECI
364 829 414 884 ΔΙ)
433 829 870 970 ΟΔθΤὲἰέΰξΕέΕἳᾞΗΝΤΠΒ
887 830 1057 886 PROPTER

150 1020 208 1080 Tot
231 1019 325 1081 doluit
346 1019 490 1082 cecidisse
514 1019 605 1082 duces
628 1028 657 1080 et
678 1018 811 1099 pondera
834 1019 904 1082 belli

193 1107 300 1166 Acrius
322 1103 440 1166 Atrides
462 1104 636 1166 incubuisse
658 1103 724 1165 sibi.

149 1187 264 1250 Bellum
288 1190 413 1251 retraxit
433 1206 578 1249 revocans
599 1190 629 1248 in
653 1197 749 1250 castra
772 1187 927 1268 Pelasgos;

193 1272 314 1352 Troiani
336 1272 454 1352 Trojam
477 1274 573 1334 lausta
595 1273 729 1334 canendo
751 1282 864 1351 petunt

151 1357 192 1419 01
216 1374 366 1436 proceres,
391 1360 592 1435 Agamemnon
616 1359 666 1433 ait,
689 1357 834 1418 cecidisse
857 1376 1025 1437 supernos
1084 1335 1117 1416 ao

193 1439 268 1503 Belli
290 1442 382 1504 totius
404 1442 517 1518 grande
538 1441 642 1502 videtis
665 1458 753 1502 onus.

151 1526 238 1587 Unda
259 1523 380 1588 labilior
401 1527 543 1595 fortuna,
554 1527 689 1604 fugacior
712 1543 783 1586 aura

195 1610 285 1671 Forte
308 1612 367 1670 cito
390 1618 524 1671 nostram
547 1610 628 1670 ducit
649 1609 686 1670 ad
709 1609 766 1671 alta
790 1619 895 1670 rotam.

150 1692 237 1757 Nulla
260 1695 326 1756 dies
348 1692 423 1756 adeo
447 1704 491 1755 est
512 1692 693 1774 pluvialibus
716 1693 810 1755 obsita
833 1693 953 1764 nimbis,

194 1778 260 1840 Nou
283 1779 464 1840 intermissis
486 1779 565 1857 quod
588 1778 660 1838 lluat
682 1777 779 1839 imber
802 1779 894 1857 aquis.
1070 1788 1119 1838 100

150 1861 216 1924 Nou
239 1866 354 1924 Aurora
378 1863 457 1922 diem
480 1861 531 1923 sed
556 1862 655 1924 laudat
677 1879 810 1940 vespera,
835 1865 944 1925 frustra

193 1947 380 2025 Principium
403 1945 548 2016 celebras,
573 1949 671 2008 omnia
695 1948 753 2007 fine
775 1947 866 2026 legas.

152 2032 247 2092 Causa
267 2029 352 2110 jubet
374 2030 480 2092 melior
502 2048 627 2110 superos
649 2049 772 2110 sperare
795 2032 955 2098 secundos;

196 2114 261 2176 Non
285 2113 375 2176 habet
397 2122 519 2176 eventus
541 2113 661 2176 sordida
684 2115 793 2194 praeda
817 2114 921 2177 bonos.

154 2197 243 2278 Troja
267 2199 388 2260 modum
411 2206 513 2272 teneas
535 2200 668 2260 nondum
690 2199 744 2260 tibi
765 2199 876 2260 desinit
896 2200 1000 2274 hostis,
1070 2211 1119 2259 105

193 2284 326 2344 Crastina
349 2285 399 2363 sit,
423 2284 531 2360 nescis,
555 2282 626 2362 quid
649 2285 783 2363 paritura
806 2283 878 2344 dies.

150 2367 255 2428 Omnia
279 2375 348 2428 sunt
369 2367 524 2428 bominum
546 2369 630 2428 tenui
654 2367 814 2446 pendentia
836 2366 895 2437 filo,

218 2530 262 2618 07.Ι
278 2567 378 2633 Dictys
402 2555 532 2619 nominat
544 2568 699 2622 Mesthlern.
786 2571 828 2620 97.
846 2571 887 2622 98.
906 2569 984 2634 Eleg.
1011 2570 1044 2622 de
1063 2571 1118 2622 for·

152 2641 221 2686 tana
239 2635 424 2698 (Wernsdorf,
442 2653 468 2701 p.
486 2636 549 2686 min.
568 2636 622 2688 vol.
640 2635 699 2702 ΙΠ)
710 2651 737 2687 v
755 2639 797 2688 81.
816 2639 849 2688 82

269 2703 340 2752 Tuta
358 2718 410 2754 nac
428 2704 457 2753 in
475 2703 562 2755 solido
579 2720 670 2755 rerum
687 2705 811 2756 Fortuna
829 2704 924 2754 favore
943 2709 994 2764 est,

96 2809 100 2817 .
304 2771 374 2822 Onm
392 2771 502 2820 minime
519 2771 624 2837 credas,
643 2771 755 2836 impulit
772 2771 822 2822 illa
839 2778 936 2822 rotam.

150 2839 192 2888 99.
212 2839 270 2890 100.
289 2836 369 2888 Ovid.
388 2839 501 2890 ePont.
518 2839 566 2904 IV,
585 2841 655 2904 4,1.
673 2841 699 2894 2.

267 2904 351 2956 Nulla
367 2904 428 2956 dies
445 2905 515 2956 adeo
534 2911 577 2957 eat
596 2906 765 2958 australibus
783 2906 894 2956 humida
911 2907 994 2958 nimis

301 2973 362 3023 Non
379 2972 545 3024 intermissis
562 2978 594 3022 ut
611 2974 680 3024 fluat
698 2974 785 3024 imber
803 2975 892 3038 aquia.

150 3042 208 3091 104.
229 3039 280 3094 Oa.
299 3040 391 3094 Amor.
409 3041 433 3104 1,
454 3043 494 3102 10,
512 3041 553 3092 48.
641 3042 699 3092 too.
717 3041 784 3094 Luc.
802 3041 897 3096 Phara.
915 3041 967 3100 ΙΙΙ,
986 3043 1047 3093 594.
1065 3057 1117 3094 nec

149 3106 196 3157 lux
215 3112 257 3158 est
274 3108 367 3158 notior
383 3107 444 3172 ulli,
464 3109 596 3158 crastina.
615 3139 648 3149 -
666 3107 733 3160 Hor.
753 3108 802 3160 Od.
819 3107 868 3172 IV,
888 3111 912 3172 7,
932 3111 972 3160 17.

235 3174 304 3238 Quis
323 3174 386 3238 soit,
404 3191 440 3226 an
459 3175 583 3227 adiciant
600 3175 751 3226 hodiernae
770 3176 894 3227 crastina
912 3192 1032 3227 summae

96 3271 102 3280 -
268 3243 408 3307 Tempora
426 3241 453 3292 di
473 3244 582 3307 superi?

149 3311 207 3362 107.
226 3311 252 3361 8.
272 3309 354 3364 Orid.
371 3310 450 3361 Pont.
470 3311 519 3374 lV,
535 3315 560 3373 9,
580 3315 621 3364 35.
639 3313 682 3366 36.

301 3377 401 3429 Omnia
418 3384 483 3428 sunt
499 3378 638 3430 hominum
656 3379 734 3429 tenni
752 3378 899 3444 pandentia
916 3377 975 3430 filo:

336 3445 373 3494 m
392 3445 485 3496 cubito
504 3461 667 3510 actamquae
686 3446 809 3512 valuere,
827 3451 918 3501 rauut.
