2592 3978
514 191 576 241 Lib.
595 190 617 242 Ι.
654 207 680 244 v.
699 193 842 249 349-376,

318 405 425 460 PARIS
443 405 540 461 DlOlT
558 405 601 460 SE
618 405 761 470 ITURUM
779 407 820 462 IN
838 407 1036 464 Genucium.

199 529 302 606 Surgit
323 527 507 602 Alexander3
531 547 605 608 opus
627 528 684 588 lroc
706 528 853 592 laetanter
876 530 958 591 adire

239 611 299 674 Pro
320 613 414 691 patris
437 620 466 673 et
487 615 613 693 patriae,
637 613 728 689 diicit,
753 633 854 676 amore
878 615 952 676 volo.
1068 665 1069 668 ,
1117 628 1168 677 350

197 697 303 758 ldaeos
324 697 444 776 lepores
466 697 615 776 qarondam
638 697 769 758 venabar
791 700 821 759 in
844 699 903 768 lda,

240 781 370 860 Deposui
392 799 498 842 somno
521 781 656 842 membra
679 781 795 843 volente
819 783 915 844 thoro.

198 865 319 928 Somnio
342 865 500 927 mirificum
524 866 605 934 dare,
629 884 706 946 quae
722 865 892 946 'speciosior
915 877 1001 940 esset,

243 950 398 1026 Iudicium,
422 951 496 1011 milri
520 959 581 1010 tres
605 950 776 1012 exhibuisse
799 950 884 1022 deas;

198 1035 262 1097 Una
285 1034 341 1096 luit
362 1033 467 1105 Pallas,
491 1035 591 1095 Venus
613 1034 715 1107 altera,
738 1039 826 1096 tertia
848 1035 939 1108 luuo;
1115 1048 1166 1098 355

239 1119 415 1197 Ambiguus,
439 1120 488 1180 cui
510 1118 574 1180 lans
595 1120 650 1180 ista
674 1119 805 1192 daretur,
829 1139 920 1182 eram.

197 1202 230 1263 ln
254 1205 354 1281 speeie
376 1204 485 1264 mulier
507 1203 573 1283 plus
595 1203 705 1282 gaudet
726 1224 815 1285 quam
837 1205 997 1284 probitate,

151 1321 161 1340 ·
242 1289 374 1350 Meritum
397 1306 457 1349 uon
479 1293 611 1348 mentem
634 1291 744 1350 semina
765 1289 892 1370 pulchra
915 1287 996 1352 colit.

197 1369 352 1434 Delectant
374 1374 460 1434 etiarn
484 1379 582 1435 castas
604 1374 762 1452 praeconia
785 1374 908 1444 formae,

239 1457 374 1519 Pessima
396 1458 442 1528 sit,
467 1455 541 1519 nulli
563 1476 623 1518 non
646 1476 698 1518 sua
722 1457 817 1520 lorma
833 1457 948 1538 placet.
1106 1467 1167 1519 ’360

197 1539 273 1602 Hinc
296 1542 397 1603 Venus
419 1542 494 1603 haee
516 1542 552 1602 ad
575 1561 639 1602 me:
663 1561 739 1620 quae
763 1543 817 1602 sim
841 1544 1004 1622 speciosior
1027 1543 1092 1615 ede,

216 1625 432 1706 'Efficiamque
456 1626 509 1686 tibi
533 1625 628 1686 dulcia
651 1625 728 1686 dona
751 1627 824 1688 dari.

198 1711 323 1773 Graecia
346 1710 486 1772 lormo'sis
510 1713 555 1770 est
577 1708 718 1771 deliciosa
740 1710 870 1790 puellis;·

239 1795 331 1873 Elige,
355 1791 403 1854 cui
426 1794 516 1865 dicas,
540 1803 571 1855 tu
595 1794 666 1854 mihi
689 1795 751 1855 sola
773 1795 881 1873 places.

195 1879 257 1940 Hac
280 1897 335 1956 ego
357 1887 388 1939 te
410 1878 524 1950 faciam,
547 1879 641 1956 Paris,
665 1877 702 1938 ad
726 1888 775 1940 tna
798 1885 863 1940 vota
885 1881 1004 1959 potiri·
1116 1891 1166 1941 365

240 1963 271 2024 Si
295 1964 383 2024 detur
405 1963 520 2044 speeies
541 1962 610 2042 plus
634 1965 769 2042 speciosa
792 1963 876 2024 mihi.

197 2047 269 2118 Quis
290 2054 391 2108 tantae
413 2049 560 2127 promissa
583 2047 655 2108 deae
679 2055 871 2110 contemnere
893 2049 1013 2128 posset-i

240 2133 339 2193 Prona
362 2131 581 2212 veniteupidis
602 2134 633 2192 in
657 2151 709 2193 sna
732 2141 798 2193 rota
821 2134 905 2194 fides.

198 2216 252 2278 Est
274 2215 370 2278 Pallas
391 2219 536 2296 speciosa,
560 2215 680 2297 loquor,
703 2219 896 2296 speciosaque
919 2217 992 2279 luno

239 2300 310 2364 Plus
333 2309 433 2362 tamen
456 2300 600 2364 ambabus
624 2312 668 2362 est
690 2303 826 2379 speciosa
849 2301 955 2364 Venus.
1116 2311 1166 2360 370

196 2387 261 2448 Hoc
282 2387 473 2464 impromisso
497 2385 624 2448 confisus
647 2385 785 2448 alacriter
807 2385 858 2447 ibo

239 2470 329 2530 Forte
352 2472 410 2530 mei
431 2473 492 2531 voti
515 2480 582 2547 post
605 2470 692 2531 modo
715 2488 835 2551 compos
859 2489 921 2531 ero.

197 2553 287 2615 Grata
309 2556 499 2633 superveniet
522 2572 597 2634 quae
621 2572 680 2630 non
704 2555 874 2633 sperabitur
897 2555 986 2622 hora;

242 2639 307 2710 Quo
330 2640 486 2700 minimum
510 2638 607 2698 credis
630 2641 755 2716 gurgite,
779 2639 868 2716 piscis
891 2639 958 2699 erit.
1212 2699 1216 2704 ,

198 2722 342 2784 Dedecus·
356 2722 446 2784 ultori
469 2721 590 2784 dabitur
613 2721 686 2782 milri
708 2721 785 2804 forte
808 2722 988 2803 triumphus,
1117 2731 1167 2782 373

239 2807 367 2869 Tantum
391 2813 521 2868 maturet
542 2805 650 2868 bellica
673 2805 775 2868 classis
797 2825 880 2886 opos.

265 3045 323 3098 358,
343 3059 358 3094 e
376 3045 500 3109 margine
519 3058 568 3109 pro
587 3047 695 3098 motum.
765 3045 823 3096 359.
843 3041 938 3092 Ovidii
956 3045 999 3091 est
1010 3041 1062 3094 Ars
1078 3042 1168 3092 Amat.

197 3111 219 3174 Ι,
237 3113 296 3162 623.
358 3111 417 3176 360.
437 3126 452 3160 e
470 3113 605 3175 margine,
622 3126 671 3176 pro
689 3108 789 3172 „nec“.
846 3109 905 3160 368.
926 3107 1006 3160 ovid.
1032 3110 1084 3162 Ars
1107 3110 1167 3160 Am.

198 3179 251 3241 ΙΙΙ,
270 3180 328 3234 674,
398 3180 455 3230 373.
474 3182 516 3230 est
532 3178 644 3228 Horatii
662 3177 744 3243 Epid.
762 3177 786 3241 1,
805 3177 832 3239 4,
852 3175 891 3225 14.
962 3177 1020 3230 374.
1040 3183 1084 3228 ost
1102 3175 1168 3228 Ori·

197 3246 237 3297 uii
254 3248 306 3298 Ars
324 3246 413 3296 Amat.
431 3246 488 3308 111,
511 3247 576 3308 426,
601 3246 649 3308 qui
667 3250 760 3295 tamen
778 3242 928 3306 ‚‚minime“
948 3243 1026 3310 legit.
1108 3245 1169 3296 373.

199 3314 317 3366 Sensus:
336 3311 457 3364 dedecus
475 3310 547 3377 quod
563 3312 654 3362 infero
672 3309 798 3375 Graecis,
817 3311 885 3361 mihi
902 3309 987 3363 ultori
999 3316 1098 3378 raptae
1111 3311 1169 3363 He-

198 3397 301 3448 syonae
320 3386 452 3445 tanquam
469 3379 622 3444 triumphus
641 3380 702 3434 erit.
