2574 3976
203 207 265 272 164
335 283 337 288 Ι
514 206 577 258 Lib.
597 207 629 258 v.
667 223 691 256 v.
710 208 854 258 see-eae.

200 362 285 424 lllens
308 369 406 422 tamen
422 357 551 428 illorum,
575 356 682 438 quibus
697 367 741 420 est
756 376 850 438 equus
866 367 895 420 et
910 376 985 438 puer
1001 369 1030 421 et
1045 377 1096 420 res
1119 369 1170 419 965

242 446 280 508 lit
303 446 417 506 virtutis
440 460 533 521 antor,
556 444 725 522 insuperata
748 452 881 515 manet„

202 530 298 593 Nemo
320 531 493 608 pruinosam
516 545 569 587 rex
593 531 623 588 in
645 534 675 588 te
697 544 841 606 spernere
864 526 954 588 debet
985 545 987 552 ·

245 614 424 683 Caesarum,
450 611 503 674 tibi
526 613 590 673 laus
612 613 736 689 contigit
758 623 826 673 ante
849 612 937 674 diam.

202 697 339 760 Nondum
362 706 450 758 natus
473 714 549 766 eras,
572 695 623 756 sad
647 713 714 757 eras
736 702 807 757 tune
829 697 933 758 matris
956 699 988 759 in
1010 695 1084 767 alvo,

244 784 337 845 Ferre
359 779 512 843 serebatur
533 779 634 842 nobile
656 790 752 842 mater
774 799 858 842 onus.
1120 789 1171 839 utu

201 865 306 939 Qualia
329 876 360 927 tu
383 867 500 945 genitus
525 866 680 944 genuisses
702 865 809 944 gaudia
832 883 934 944 regno,

244 950 363 1012 Plaudit
385 950 481 1012 adbuc
504 948 580 1010 laeto
604 950 736 1010 carmine
758 950 835 1012 lama
858 947 982 1029 loquax:

131 1082 134 1088 .
202 1036 247 1097 Tu
269 1053 345 1114 puer
368 1042 398 1095 et
417 1033 545 1114 juvenis,
568 1032 667 1096 audivi
689 1035 808 1114 saepius
830 1036 895 1106 ista,

246 1119 353 1198 Segnis
376 1117 524 1179 nobilibus
546 1117 645 1179 indole
668 1119 767 1179 clarus
790 1135 864 1180 eras.
1120 1187 1128 1192 ,

202 1201 374 1265 inberbis
364 1204 488 1281 Juvenis,
513 1202 630 1263 tandem
654 1204 777 1266 custode
800 1210 924 1273 remoto.
1121 1213 1176 1275 ein

247 1289 349 1366 Regna
373 1286 504 1349 tuebaris
526 1289 614 1349 unica
638 1287 740 1350 dextra
764 1289 868 1376 patris.
935 1299 941 1309 ‘

203 1371 249 1432 Τιι
272 1372 364 1433 decus
387 1389 419 1432 es
440 1371 568 1450 patrium
591 1372 738 1452 postlata
760 1381 884 1451 paterna
907 1380 1027 1434 secutus

245 1455 396 1517 Nobiliore
420 1456 543 1518 studens
565 1474 657 1534 regna
681 1464 784 1518 tenere
807 1465 894 1531 statu,

203 1541 335 1611 Viribus,
359 1542 490 1619 ingenio,
513 1543 623 1620 speeie,
648 1541 765 1611 virtute,
788 1541 864 1610 loeo,
888 1558 921 1601 re

248 1623 380 1704 Singula,
405 1642 481 1703 quae
503 1623 652 1686 inerant
641 1643 709 1703 June
731 1625 885 1704 patranda,
909 1633 1021 1706 patras,
1121 1635 1175 1684 980

204 1701 379 1790 Asperitatis
403 1717 432 1770 et
454 1708 582 1770 invidiae
605 1718 759 1771 corrector
782 1718 812 1770 et
833 1711 895 1771 irae
1017 1727 1023 1734 ·

245 1798 323 1856 Aura
346 1812 452 1855 serena
476 1791 573 1865 bonis,
597 1812 686 1872 scopa
709 1811 812 1856 severa
836 1794 929 1857 malis.

207 1879 320 1940 Graeca
343 1879 517 1958 supervenit
538 1877 678 1940 violentia
701 1877 823 1949 viribus,
847 1880 948 1948 armis,

245 1961 376 2024 Navibus
400 1972 429 2024 et
451 1961 537 2024 bellis
559 1961 660 2024 littora
683 1962 797 2024 Teuera
819 1981 968 2043 premens

203 2047 323 2108 Restitit
346 2045 484 2124 Argolico
506 2055 557 2108 tua
581 2036 748 2108 sollicitudo
772 2048 866 2109 lurori
1123 2057 1176 2108 985
1273 2063 1274 2128 ζ

246 2132 392 2211 Expensis
415 2130 484 2192 belll
506 2150 563 2210 per
584 2131 643 2193 duo
666 2132 758 2193 lustra
780 2132 866 2194 datis.
1074 2139 1077 2146 ’

207 2217 280 2278 (lunt
304 2223 347 2276 tot
370 2216 516 2277 sustineas
539 2223 568 2276 et
590 2224 672 2278 tanta
695 2218 814 2295 negotia
839 2217 927 2284 solus,

249 2300 333 2362 blens
356 2299 536 2362 invincibilis
560 2309 589 2362 et
612 2299 687 2361 bene
710 2302 795 2361 lirma
819 2309 928 2362 manet

205 2385 331 2448 lllutavit
351 2392 483 2448 mentem
506 2363 635 2464 populus
657 2385 730 2448 leuis
752 2392 781 2446 et
804 2384 882 2447 calet
904 2403 964 2447 uno

251 2467 403 2531 Stertendi
425 2468 523 2530 studio
546 2468 695 2530 deteriore
719 2469 825 2540 nrodo;
1126 2479 1181 2529 990

207 2552 360 2630 Tanquam
384 2562 522 2632 pascatur
544 2552 661 2632 siliquis
685 2564 716 2614 et
737 2572 813 2634 pane
835 2553 967 2615 seeundo

250 2639 417 2699 Murmurat
438 2645 468 2699 et
488 2636 574 2699 labiis
596 2638 731 2718 irnproba
756 2648 822 2699 vota
845 2637 960 2717 probat.

273 2824 332 2878 965.
350 2823 418 2875 Hor.
436 2822 468 2874 A.
488 2821 518 2872 P.
536 2824 586 2874 248

275 2889 462 2942 offenduntur
480 2890 562 2948 enim,
582 2890 683 2955 quibus
701 2894 746 2941 est
764 2905 850 2955 equus
870 2896 898 2942 et
916 2893 997 2957 paler
1015 2896 1042 2941 ot
1059 2888 1107 2940 reb

208 2958 291 3008 etiem
309 2955 390 3020 cir(
378 2954 556 3024 (Maximian)
574 2958 596 3016 1
615 2960 649 3010 94
667 2973 706 3024 sq.

359 3025 419 3075 Has
437 3025 510 3074 inter
527 3027 637 3076 virtutis
657 3041 732 3092 opes,
752 3025 904 3077 tolerantie
922 3041 1013 3077 rerum

396 3093 552 3158 spernebat
571 3098 686 3144 eurotas
705 3096 868 3158 insuperata
887 3094 985 3144 mines.

207 3162 266 3211 ato.
287 3164 329 3211 est
346 3159 444 3210 Horat.
461 3160 513 3211 Ars
531 3166 603 3227 post.
622 3177 649 3211 v.
669 3162 725 3211 161.
794 3162 854 3213 sto.
871 3160 968 3227 Margo
986 3165 1026 3222 tu,
1046 3159 1108 3211 dieo
1127 3175 1183 3225 pro

207 3228 336 3291 „unieu“.
434 3230 493 3280 977.
512 3235 632 3279 secutus.
652 3227 737 3282 schol.
756 3229 816 3279 soil.
836 3243 960 3294 ragnum.
1059 3229 1119 3279 98¹2.
1137 3233 1185 3279 est

207 3295 474 3359 Horat.up.1t,1,
496 3298 519 3346 l.
590 3295 1185 3362 989.90.est1{0r.tspist.11‚1‚1da.e

208 3363 257 3412 ubi
275 3366 370 3412 tamen

344 3427 489 3480 Scribendi
501 3429 608 3489 studio,
626 3431 759 3494 puerique
778 3435 929 3495 petrasque
947 3431 1039 3483 severi

208 3496 267 3544 891.
284 3494 351 3545 Hor.
370 3496 458 3560 Epist.
477 3495 513 3558 11,
533 3498 556 3558 1,
578 3466 633 3546 12⁹3.
653 3496 722 3547 vivit
740 3495 782 3548 sit.
801 3500 873 3563 etp.
892 3512 913 3548 s
