2592 3978
423 194 486 245 Lib.
503 194 541 246 11.
576 209 603 248 v.
621 195 764 248 354-384.
1037 194 1079 260 51

28 401 30 405 .
114 349 243 410 Possunt
263 345 410 426 Argolicis
431 346 500 407 hinc
521 346 565 407 ire
588 344 699 408 cibaria
721 347 819 418 castis,

157 433 211 496 llis
231 433 344 514 poteris
366 429 453 493 uobis
475 430 558 491 utilis
580 449 646 492 esse
668 431 775 493 modis.
1028 442 1080 493 300

116 517 179 578 llac
201 517 265 576 vice
288 517 447 577 Troianam
469 531 531 576 nou
545 513 611 576 ‘ibis
633 514 671 576 ed
693 514 892 598 obsidionem,

160 599 307 680 Quicquid
329 609 418 678 agant
439 597 498 670 alii,
521 599 561 660 sit
580 597 667 660 labor
688 600 745 660 iste
767 608 844 661 tuus.

114 685 234 765 Puppes
255 685 417 759 mittemus
439 693 470 744 tu
493 690 607 746 tantum
629 684 770 764 providus
793 691 857 746 esto

157 768 252 831 Nobis
273 768 424 830 mittendis
444 767 500 829 has
521 784 648 829 onerare
670 766 754 828 cibis.

116 854 174 915 llic
195 862 305 923 manet,
329 851 380 914 ille
402 851 496 924 redit;
517 853 747 931 Agamemnonis
769 852 893 915 auribus
914 854 1000 926 indit,
1028 865 1080 915 300

158 936 242 1008 Quod
265 939 377 999 lactum
399 938 506 1006 luerat,
528 935 579 998 ille
600 945 716 1016 patrato
737 935 854 1014 probat.

201 1083 326 1139 VERBA
341 1081 462 1139 ULIXIS
478 1081 526 1138 ΕΤ
543 1081 720 1139 DIOMEDIS
737 1083 788 1138 AD
805 1083 984 1145 PRIMUM

114 1191 243 1271 Ceperat
263 1191 377 1252 interea
397 1187 458 1267 jem
479 1189 595 1268 pridem
618 1190 728 1251 missus
749 1189 851 1252 Ulixes

157 1275 191 1336 ln
215 1276 289 1336 lucie
310 1274 422 1336 Priami
445 1290 512 1335 cum
535 1273 675 1334 lliomede
697 1275 792 1352 loqui:

115 1359 194 1421 Rex!
217 1359 300 1420 missi
322 1375 425 1419 sumus
447 1358 484 1420 ab
506 1361 736 1436 Agamemnone.
759 1359 785 1420 si
806 1358 913 1439 placet,
936 1360 1006 1422 audi

156 1443 247 1513 llaec,
269 1461 346 1523 quae
368 1441 533 1504 deserimus
550 1443 618 1518 eius
640 1441 678 1502 ab
700 1459 753 1504 ore
775 1441 840 1504 tihi.
1025 1455 1077 1506 300

114 1528 297 1590 Graecorum
319 1530 385 1605 regi
408 1545 468 1589 non
492 1533 537 1589 est
557 1528 680 1589 victoria
702 1529 784 1596 tanti,

155 1611 194 1674 Ut
215 1630 271 1692 per
292 1609 370 1672 bella
392 1628 464 1672 suos
484 1611 569 1672 malit
590 1609 677 1672 obire
700 1614 797 1680 viros3

116 1696 176 1758 Sed
199 1704 298 1757 tamen
319 1694 401 1757 illius
422 1713 547 1773 regnum
570 1713 609 1757 ne
631 1695 778 1774 deprimat
799 1695 893 1758 hostis

156 1780 310 1842 Materiam
334 1780 433 1841 damni
454 1778 671 1860 dedecorisque
692 1797 810 1858 gerens,

115 1864 149 1926 Si
171 1866 239 1944 quis
260 1865 340 1925 euim
363 1865 502 1926 damnum
526 1863 571 1925 vel
594 1862 725 1925 dedecus
746 1865 854 1926 inierat
875 1865 930 1944 itti,
1026 1878 1079 1928 oto

159 1948 305 2010 llalumus
327 1957 394 2009 ante
417 1950 494 2010 mori
516 1966 603 2028 quam
627 1948 687 2010 duo
710 1947 787 2012 dicta
808 1950 881 2030 poti.

113 2031 176 2094 ilex
199 2032 341 2096 Helenam
363 2032 471 2100 redde:
494 2041 616 2112 pacatae
638 2051 740 2094 ramus
761 2033 856 2094 olivae

155 2117 206 2178 Sie
227 2118 306 2178 inter
327 2117 473 2179 Graecum
496 2125 555 2177 stet
576 2115 797 2198 Phrygiumque
819 2117 928 2180 locum.

112 2198 156 2262 lle
178 2201 295 2262 Paridis
315 2201 426 2281 praeda
448 2219 508 2262 non
531 2210 577 2263 est
598 2202 672 2262 milri
694 2204 807 2264 mentio
828 2211 918 2274 muta,

156 2283 228 2345 Cum
251 2293 350 2347 tamen
372 2284 446 2347 heec
465 2289 574 2360 ,merito
597 2287 782 2348 restituenda
803 2287 892 2348 foret.
1025 2299 1077 2349 tto

113 2368 251 2430 Dedecus
274 2372 394 2431 omuino
416 2376 512 2441 tacco,
534 2370 607 2449 quid
629 2370 758 2431 amarius
780 2371 860 2432 omni

157 2452 211 2513 Est
232 2453 358 2514 damnet
381 2463 495 2516 tanturn
519 2453 639 2515 loedere
661 2454 743 2534 pacis
764 2471 841 2516 amo.

112 2537 145 2597 Si
168 2537 250 2607 lacis,
273 2537 347 2600 haec
367 2537 502 2599 volumus
524 2547 655 2599 extrema
678 2539 791 2618 pellere
813 2537 896 2607 cella,

159 2621 241 2693 Quae
264 2621 320 2683 luit
340 2623 465 2685 ulterius
487 2622 592 2683 llorica
614 2640 700 2704 passo
723 2624 844 2684 domus:

111 2704 141 2765 Si
164 2709 277 2776 minus;
302 2717 344 2767 est
366 2710 484 2768 animus
507 2706 587 2768 vobis
610 2707 763 2769 effundere
786 2711 873 2770 vitam
1026 2721 1077 2770 330

153 2793 211 2850 lut
232 2807 287 2850 nos
309 2811 345 2852 cx
367 2793 423 2854 vita
447 2791 565 2852 tradere
587 2802 712 2872 propter
733 2811 808 2854 eam.

111 2874 149 2935 Ut
170 2874 318 2936 modicum
340 2878 434 2937 tacuit
454 2874 600 2944 Priamus,
623 2876 780 2938 subduxit:
810 2876 922 2939 Ulixes!

13 2963 15 2970 “
152 2956 272 3019 Promta
296 2963 373 3022 seris
395 2957 494 3030 verba,
519 2969 589 3022 tune
613 2963 726 3023 vocaris
745 2961 801 3022 itai

14 3013 15 3080 l
109 3041 229 3102 Promte
252 3043 383 3120 quidem,
407 3044 459 3105 sed
481 3054 578 3105 comta
601 3046 699 3105 minus
722 3053 753 3105 tu
775 3048 959 3125 proposuisti

176 3212 235 3262 sot.
262 3226 297 3263 ex
314 3212 438 3278 margine
461 3228 510 3278 pro
533 3212 651 3278 simplici
676 3211 789 3279 ‚,quid“.
858 3215 916 3265 est.
946 3232 981 3268 ox
1003 3233 1074 3269 mar·

106 3277 171 3343 gine
190 3293 240 3343 pro
259 3278 347 3330 altero
365 3295 439 3344 euos,
457 3281 540 3336 viros.
608 3283 667 3332 372.
689 3286 808 3348 pacatae
828 3296 863 3333 ex
880 3285 1004 3350 margine
1022 3302 1072 3353 pro

106 3343 243 3407 plocotae.
283 3345 336 3402 Ov.
359 3363 393 3398 ex
421 3347 501 3398 Pont.
527 3350 550 3409 1,
575 3350 598 3408 1,
622 3352 663 3400 31.
698 3353 816 3414 pacatae
845 3365 937 3401 ramus
967 3351 1069 3405 olivae.

105 3412 163 3468 380.
189 3414 271 3465 nobis
296 3429 345 3479 pro
374 3413 459 3466 codic.
485 3416 571 3471 vobis.
611 3416 735 3468 Imitetio
758 3415 857 3482 Virgil.
881 3418 949 3469 Aen.
973 3418 1001 3484 1,
1023 3423 1072 3472 103

105 3485 208 3545 tuoque
227 3482 347 3532 enimam
366 3481 439 3532 hunc
457 3481 597 3533 effundere
615 3483 723 3538 dextra.

835 3565 873 3618 41
