2592 3978
162 129 203 193 14
492 133 555 182 Lib.
574 131 595 181 1.
625 122 649 182 0.
669 133 796 183 88-122.

205 285 369 365 Praeparat
391 282 550 346 armandos
573 291 603 344 et
624 301 718 363 genus
741 302 829 346 omne
852 285 921 346 cibi.

160 368 243 432 lllico
267 368 371 430 militia
395 387 427 430 sc
451 367 564 447 colligit
585 370 651 439 ista,
673 368 812 447 ‚iuventus

203 453 324 516 Florida
348 455 463 515 diverso
486 452 604 529 robore,
628 460 726 515 mente
750 455 824 534 pari.
1096 465 1130 516 00

159 541 193 602 ln
217 557 306 600 naves
329 537 422 600 electa
445 539 553 599 cohors
575 557 607 600 se
630 547 768 619 prompta
790 546 932 617 receptat,

201 625 235 686 ln
256 624 415 703 Phrygiam
439 631 588 703 properat,
612 621 790 704 applicuisse
812 625 904 685 iuvat.

163 711 237 773 Cum
258 707 347 769 Peleo
371 705 515 769 Telamon
537 706 628 770 saluit
651 708 801 778 inlitora,
825 710 926 792 sicque

202 791 360 854 Alcmenae
382 791 516 864 soboles;
540 796 637 872 surgit
658 793 695 854 ad
717 800 797 855 astra
819 811 921 855 canor.

160 879 219 940 Sed
241 879 344 940 Castor
366 877 532 958 Polluxquc
555 885 676 940 manent
698 894 764 939 cum
788 878 922 952 Nestore,
946 876 1052 941 nolunt
1094 889 1127 938 05

202 963 401 1025 Incustoditas
424 963 594 1024 deseruisse
617 981 716 1024 naves.

161 1049 231 1109 Fert
254 1049 363 1109 iterum
389 1045 597 1128 [rumor]'hic
620 1047 828 1110 Laomedontis
850 1051 882 1109 in
905 1047 1018 1111 aulam:

201 1133 253 1194 Est
274 1135 305 1192 in
329 1132 434 1210 Sigaeo
457 1132 560 1194 classis
581 1132 707 1194 Archiva
730 1131 803 1194 solo.

158 1217 200 1278 Ad
225 1234 306 1289 marc
328 1235 383 1277 rex
405 1220 475 1288 exit,
500 1234 588 1296 quem
612 1219 696 1298 copia
719 1219 812 1296 cingit
833 1221 992 1298 equestris,

200 1303 356 1380 Argolicos
379 1304 464 1381 regni
486 1301 598 1382 pellere
621 1305 680 1364 fine
702 1305 759 1364 sui.
1075 1313 1126 1364 100

159 1386 218 1450 Sed
241 1387 341 1448 medio
363 1388 486 1450 invenes
507 1388 684 1468 impugnant
706 1395 839 1467 ternpore
863 1386 992 1466 Trojam,

200 1473 275 1547 Rex,
297 1471 350 1534 ubi
371 1473 427 1534 scit
450 1489 549 1552 pugna
572 1491 648 1552 quae
671 1475 710 1534 sit
731 1473 863 1540 suborta,
888 1473 976 1535 redit.

159 1558 329 1619 Occurrunt
352 1557 467 1626 Graeci,
492 1576 546 1618 rex
569 1556 704 1618 Herculis
727 1576 798 1619 ense
820 1565 993 1638 peremptus

201 1641 326 1712 Occidit,
350 1649 379 1702 et
402 1641 544 1702 Telamon
567 1641 712 1721 Pergama
735 1645 833 1722 primo
856 1640 945 1712 subit,

159 1727 214 1790 Cui
236 1745 305 1788 mox
326 1727 357 1787 in
381 1728 510 1806 pretium
532 1727 649 1788 virtutis
671 1735 811 1788 strenuus
834 1726 925 1787 heros
1077 1737 1125 1788 105

200 1811 367 1892 Hesyonem
393 1808 526 1894 [natam]
550 1811 752 1873 Laomedonte
777 1810 867 1872 dedit.

159 1895 220 1956 Nec
243 1896 325 1956 solus
346 1912 400 1956 rex
423 1898 544 1966 interiit,
569 1914 636 1958 cum
659 1914 730 1974 rege
752 1896 879 1974 proiecti

194 1979 325 2058 'Regales
348 1983 434 2060 pueri
456 1981 715 2058 comperimuntur
737 1980 789 2041 ibi.
888 2047 890 2050 ,

154 2065 190 2126 ln
211 2063 371 2144 Phrygiam
393 2065 531 2125 Priamus
552 2065 650 2127 luerat
672 2083 740 2127 cum
764 2063 857 2126 milite
879 2065 996 2138 missae,
1106 2073 1109 2081 '

199 2148 355 2210 Fratribus
378 2150 484 2210 occisis
507 2167 584 2211 unus
606 2153 758 2230 superstes
781 2157 853 2212 erat.
1072 2163 1123 2212 110

156 2233 363 2314 Amphitrione
387 2242 468 2296 satus
490 2241 520 2295 et
542 2234 656 2296 Graeca
678 2237 797 2296 iuventa
819 2236 951 2298 ferentes

200 2319 268 2382 Non
291 2319 436 2382 modicam
459 2319 601 2400 praedam
624 2322 776 2400 reperiare
798 2321 927 2392 student,

160 2403 329 2484 Hesyonem
351 2403 495 2467 Telamon
518 2423 620 2468 secum
644 2406 776 2476 deduxit,
800 2414 830 2468 et
852 2424 957 2468 omnes

200 2489 345 2550 Victrices
367 2490 505 2551 referunt
526 2493 558 2550 in
580 2511 631 2552 sna
655 2501 752 2554 castra
774 2510 888 2553 manus.

156 2573 215 2636 Res
236 2581 348 2653 raptas,
371 2575 464 2652 patris
486 2575 649 2646 interitum,
673 2581 850 2652 captamque
872 2590 1006 2634 sororem
1073 2582 1125 2633 115

198 2658 236 2720 Ut
257 2658 394 2721 Priamus
417 2657 514 2728 discit,
539 2658 629 2721 corda
652 2658 755 2720 dolore
778 2661 888 2739 quatlt;

154 2742 231 2806 Ilion
254 2741 431 2822 ingreditur,
456 2751 485 2805 et
508 2741 615 2822 conjux
637 2741 769 2813 Hecuba,
794 2745 855 2804 nati

198 2827 235 2889 Et
256 2836 342 2890 natae
365 2833 479 2889 moesto
500 2834 633 2908 pectora,
658 2836 758 2890 mente
780 2829 872 2907 gravi.

152 2911 267 2976 Hector
288 2912 455 2976 Alexander
478 2914 567 2993 primi
590 2924 668 2984 sunt,
692 2913 933 2995 Deiphobusque,
1015 2912 1016 2917 ’

196 2998 315 3061 Tertius
338 3005 383 3060 est
405 2996 543 3069 Helenus,
568 3007 689 3079 quartus
713 2998 813 3061 ethic
836 2996 955 3060 Troilus
1072 3008 1125 3059 tao

154 3081 261 3154 Filius;
285 3083 501 3156 Andromache,
527 3084 703 3162 Cassandra,
726 3082 874 3166 Polyxena
897 3090 994 3156 natae,

196 3168 257 3230 Has
279 3167 379 3231 laudat
399 3170 491 3232 facies
513 3172 735 3250 strenuitasque
757 3188 865 3232 mares.

221 3387 263 3440 94.
285 3388 389 3454 Margo.
408 3389 550 3442 Hercules.
620 3393 661 3444 97.
685 3390 806 3458 [Rumor]
826 3407 841 3444 0
859 3390 993 3458 margine.
1061 3387 1123 3440 119.

150 3453 315 3520 Deiphobus
334 3463 364 3508 ut
382 3457 536 3524 plurimum.
