<?xml version="1.0" encoding="UTF-8"?>
<!DOCTYPE html PUBLIC "-//W3C//DTD XHTML 1.0 Transitional//EN"
    "http://www.w3.org/TR/xhtml1/DTD/xhtml1-transitional.dtd">
<html xmlns="http://www.w3.org/1999/xhtml" xml:lang="en" lang="en">
 <head>
  <title>
</title>
<meta http-equiv="Content-Type" content="text/html;charset=utf-8" />
  <meta name='ocr-system' content='tesseract 3.04.00' />
  <meta name='ocr-capabilities' content='ocr_page ocr_carea ocr_par ocr_line ocrx_word'/>
</head>
<body>
  <div class='ocr_page' id='page_1' title='image "./troilusalbertis02albegoog_0186.png"; bbox 0 0 2574 3976; ppageno 0'>
   <div class='ocr_carea' id='block_1_1' title="bbox 9 3573 11 3684">
    <p class='ocr_par' dir='ltr' id='par_1_1' title="bbox 9 3573 11 3684">
     <span class='ocr_line' id='line_1_1' title="bbox 9 3573 11 3684; baseline 0 0"><span class='ocrx_word' id='word_1_1' title='bbox 9 3573 11 3684; x_wconf 88' lang='lat' dir='ltr'><strong>l</strong></span> 
     </span>
    </p>
   </div>
   <div class='ocr_carea' id='block_1_2' title="bbox 9 243 11 308">
    <p class='ocr_par' dir='ltr' id='par_1_2' title="bbox 9 243 11 308">
     <span class='ocr_line' id='line_1_2' title="bbox 9 243 11 260; baseline 0 0"><span class='ocrx_word' id='word_1_2' title='bbox 9 243 11 260; x_wconf 84' lang='lat' dir='ltr'><strong>l</strong></span> 
     </span>
     <span class='ocr_line' id='line_1_3' title="bbox 9 297 11 308; baseline 0 0"><span class='ocrx_word' id='word_1_3' title='bbox 9 297 11 308; x_wconf 88' lang='grc' dir='ltr'>ι</span> 
     </span>
    </p>
   </div>
   <div class='ocr_carea' id='block_1_3' title="bbox 440 188 1088 254">
    <p class='ocr_par' dir='ltr' id='par_1_3' title="bbox 440 188 1088 254">
     <span class='ocr_line' id='line_1_4' title="bbox 440 188 1088 254; baseline 0.012 -10"><span class='ocrx_word' id='word_1_4' title='bbox 440 195 501 250; x_wconf 74' lang='lat' dir='ltr'><strong>nin.</strong></span> <span class='ocrx_word' id='word_1_5' title='bbox 522 194 554 244; x_wconf 91' lang='lat' dir='ltr'><strong>v.</strong></span> <span class='ocrx_word' id='word_1_6' title='bbox 592 209 618 244; x_wconf 84' lang='lat' dir='ltr'><strong>v.</strong></span> <span class='ocrx_word' id='word_1_7' title='bbox 635 189 780 246; x_wconf 74' lang='lat' dir='ltr'><strong>eea-err.</strong></span> <span class='ocrx_word' id='word_1_8' title='bbox 1030 188 1088 254; x_wconf 87' lang='grc'><strong>161</strong></span> 
     </span>
    </p>
   </div>
   <div class='ocr_carea' id='block_1_4' title="bbox 128 344 1089 765">
    <p class='ocr_par' dir='ltr' id='par_1_4' title="bbox 169 344 874 420">
     <span class='ocr_line' id='line_1_5' title="bbox 169 344 874 420; baseline -0.007 -11"><span class='ocrx_word' id='word_1_9' title='bbox 169 348 302 420; x_wconf 84' lang='lat' dir='ltr'><strong>Quorum</strong></span> <span class='ocrx_word' id='word_1_10' title='bbox 325 344 404 408; x_wconf 91' lang='lat' dir='ltr'><strong>bella</strong></span> <span class='ocrx_word' id='word_1_11' title='bbox 427 345 498 408; x_wconf 89' lang='lat' dir='ltr'><strong>mihi</strong></span> <span class='ocrx_word' id='word_1_12' title='bbox 522 354 590 407; x_wconf 86' lang='lat' dir='ltr'><strong>sunt</strong></span> <span class='ocrx_word' id='word_1_13' title='bbox 612 345 691 407; x_wconf 89' lang='lat' dir='ltr'><strong>velut</strong></span> <span class='ocrx_word' id='word_1_14' title='bbox 714 344 756 406; x_wconf 93' lang='lat' dir='ltr'><strong>ira</strong></span> <span class='ocrx_word' id='word_1_15' title='bbox 779 344 874 405; x_wconf 87' lang='lat' dir='ltr'><strong>nothi.</strong></span> 
     </span>
    </p>

    <p class='ocr_par' dir='ltr' id='par_1_5' title="bbox 130 429 1089 594">
     <span class='ocr_line' id='line_1_6' title="bbox 130 429 1089 510; baseline -0.007 -16"><span class='ocrx_word' id='word_1_16' title='bbox 130 435 188 494; x_wconf 84' lang='lat' dir='ltr'><strong>ilex</strong></span> <span class='ocrx_word' id='word_1_17' title='bbox 213 431 307 509; x_wconf 82' lang='lat' dir='ltr'><strong>sepeli</strong></span> <span class='ocrx_word' id='word_1_18' title='bbox 330 429 451 501; x_wconf 89' lang='lat' dir='ltr'><strong>bellum,</strong></span> <span class='ocrx_word' id='word_1_19' title='bbox 475 438 544 509; x_wconf 90' lang='lat' dir='ltr'><strong>pete</strong></span> <span class='ocrx_word' id='word_1_20' title='bbox 567 449 680 510; x_wconf 88' lang='lat' dir='ltr'><strong>pacem,</strong></span> <span class='ocrx_word' id='word_1_21' title='bbox 703 429 796 490; x_wconf 83' lang='lat' dir='ltr'>redde</span> <span class='ocrx_word' id='word_1_22' title='bbox 818 431 960 509; x_wconf 87' lang='lat' dir='ltr'><strong>quietem,</strong></span> <span class='ocrx_word' id='word_1_23' title='bbox 1039 438 1089 488; x_wconf 85' lang='lat'><strong>885</strong></span> 
     </span>
     <span class='ocr_line' id='line_1_7' title="bbox 168 513 928 594; baseline -0.004 -16"><span class='ocrx_word' id='word_1_24' title='bbox 168 517 277 578; x_wconf 89' lang='lat' dir='ltr'><strong>Pauset</strong></span> <span class='ocrx_word' id='word_1_25' title='bbox 299 523 340 583; x_wconf 90' lang='lat' dir='ltr'><strong>ut,</strong></span> <span class='ocrx_word' id='word_1_26' title='bbox 365 523 411 576; x_wconf 90' lang='lat' dir='ltr'><strong>est</strong></span> <span class='ocrx_word' id='word_1_27' title='bbox 434 523 562 594; x_wconf 88' lang='lat' dir='ltr'><strong>tempus,</strong></span> <span class='ocrx_word' id='word_1_28' title='bbox 585 516 663 576; x_wconf 86' lang='lat' dir='ltr'><strong>lessa</strong></span> <span class='ocrx_word' id='word_1_29' title='bbox 687 513 790 574; x_wconf 89' lang='lat' dir='ltr'><strong>labore</strong></span> <span class='ocrx_word' id='word_1_30' title='bbox 813 531 928 576; x_wconf 80' lang='lat' dir='ltr'><strong>manue.</strong></span> 
     </span>
    </p>

    <p class='ocr_par' dir='ltr' id='par_1_6' title="bbox 128 601 943 765">
     <span class='ocr_line' id='line_1_8' title="bbox 128 601 943 679; baseline -0.005 -17"><span class='ocrx_word' id='word_1_31' title='bbox 128 601 180 672; x_wconf 81' lang='lat' dir='ltr'><strong>Qui</strong></span> <span class='ocrx_word' id='word_1_32' title='bbox 203 618 292 679; x_wconf 84' lang='lat' dir='ltr'><strong>grave</strong></span> <span class='ocrx_word' id='word_1_33' title='bbox 314 606 414 676; x_wconf 86' lang='lat' dir='ltr'><strong>portat</strong></span> <span class='ocrx_word' id='word_1_34' title='bbox 436 617 512 660; x_wconf 90' lang='lat' dir='ltr'><strong>onus</strong></span> <span class='ocrx_word' id='word_1_35' title='bbox 535 601 566 660; x_wconf 84' lang='lat' dir='ltr'><strong>fir</strong></span> <span class='ocrx_word' id='word_1_36' title='bbox 589 607 649 660; x_wconf 85' lang='lat' dir='ltr'><strong>toto</strong></span> <span class='ocrx_word' id='word_1_37' title='bbox 672 616 798 678; x_wconf 88' lang='lat' dir='ltr'><strong>corpore</strong></span> <span class='ocrx_word' id='word_1_38' title='bbox 821 614 943 678; x_wconf 88' lang='lat' dir='ltr'><strong>pronus,</strong></span> 
     </span>
     <span class='ocr_line' id='line_1_9' title="bbox 169 685 861 765; baseline -0.012 -19"><span class='ocrx_word' id='word_1_39' title='bbox 169 685 205 746; x_wconf 84' lang='lat' dir='ltr'><strong>Et</strong></span> <span class='ocrx_word' id='word_1_40' title='bbox 226 685 293 765; x_wconf 89' lang='lat' dir='ltr'><strong>quia</strong></span> <span class='ocrx_word' id='word_1_41' title='bbox 317 685 349 744; x_wconf 89' lang='lat' dir='ltr'><strong>lit</strong></span> <span class='ocrx_word' id='word_1_42' title='bbox 369 701 493 762; x_wconf 83' lang='lat' dir='ltr'><strong>pronus,</strong></span> <span class='ocrx_word' id='word_1_43' title='bbox 507 701 605 762; x_wconf 78' lang='lat' dir='ltr'><strong>saepe</strong></span> <span class='ocrx_word' id='word_1_44' title='bbox 628 685 748 762; x_wconf 83' lang='lat' dir='ltr'><strong>reponit</strong></span> <span class='ocrx_word' id='word_1_45' title='bbox 770 701 861 744; x_wconf 62' lang='lat' dir='ltr'><strong>onus,</strong></span> 
     </span>
    </p>
   </div>
   <div class='ocr_carea' id='block_1_5' title="bbox 9 763 875 848">
    <p class='ocr_par' dir='ltr' id='par_1_7' title="bbox 9 763 875 848">
     <span class='ocr_line' id='line_1_10' title="bbox 9 763 875 848; baseline -0.006 -16"><span class='ocrx_word' id='word_1_46' title='bbox 9 763 18 796; x_wconf 61' lang='lat'>²</span> <span class='ocrx_word' id='word_1_47' title='bbox 128 771 185 831; x_wconf 83' lang='lat' dir='ltr'><strong>Pax</strong></span> <span class='ocrx_word' id='word_1_48' title='bbox 208 771 287 830; x_wconf 88' lang='lat' dir='ltr'><strong>risus</strong></span> <span class='ocrx_word' id='word_1_49' title='bbox 309 770 425 838; x_wconf 86' lang='lat' dir='ltr'><strong>mentis,</strong></span> <span class='ocrx_word' id='word_1_50' title='bbox 447 785 505 846; x_wconf 83' lang='lat' dir='ltr'><strong>pax</strong></span> <span class='ocrx_word' id='word_1_51' title='bbox 528 777 573 828; x_wconf 85' lang='lat' dir='ltr'><strong>est</strong></span> <span class='ocrx_word' id='word_1_52' title='bbox 595 771 738 848; x_wconf 81' lang='lat' dir='ltr'><strong>pincerna</strong></span> <span class='ocrx_word' id='word_1_53' title='bbox 761 765 875 836; x_wconf 88' lang='lat' dir='ltr'><strong>salutis,</strong></span> 
     </span>
    </p>
   </div>
   <div class='ocr_carea' id='block_1_6' title="bbox 129 850 850 1184">
    <p class='ocr_par' dir='ltr' id='par_1_8' title="bbox 129 850 850 1014">
     <span class='ocr_line' id='line_1_11' title="bbox 170 850 840 931; baseline -0.006 -17"><span class='ocrx_word' id='word_1_54' title='bbox 170 853 305 931; x_wconf 84' lang='lat' dir='ltr'><strong>Qquam</strong></span> <span class='ocrx_word' id='word_1_55' title='bbox 329 851 466 914; x_wconf 79' lang='lat' dir='ltr'><strong>difficiles</strong></span> <span class='ocrx_word' id='word_1_56' title='bbox 489 860 559 914; x_wconf 85' lang='lat' dir='ltr'><strong>sunt</strong></span> <span class='ocrx_word' id='word_1_57' title='bbox 580 855 644 913; x_wconf 90' lang='lat' dir='ltr'><strong>sine</strong></span> <span class='ocrx_word' id='word_1_58' title='bbox 667 869 740 931; x_wconf 88' lang='lat' dir='ltr'><strong>pace</strong></span> <span class='ocrx_word' id='word_1_59' title='bbox 763 850 840 912; x_wconf 84' lang='lat' dir='ltr'><strong>diesi</strong></span> 
     </span>
     <span class='ocr_line' id='line_1_12' title="bbox 129 933 850 1014; baseline -0.004 -15"><span class='ocrx_word' id='word_1_60' title='bbox 129 939 205 1000; x_wconf 92' lang='lat' dir='ltr'><strong>Pace</strong></span> <span class='ocrx_word' id='word_1_61' title='bbox 228 937 317 998; x_wconf 85' lang='lat' dir='ltr'><strong>Ceres</strong></span> <span class='ocrx_word' id='word_1_62' title='bbox 340 937 456 1014; x_wconf 81' lang='lat' dir='ltr'><strong>gaudet,</strong></span> <span class='ocrx_word' id='word_1_63' title='bbox 481 945 511 997; x_wconf 86' lang='lat' dir='ltr'><strong>et</strong></span> <span class='ocrx_word' id='word_1_64' title='bbox 534 955 593 1005; x_wconf 84' lang='lat' dir='ltr'><strong>vos.</strong></span> <span class='ocrx_word' id='word_1_65' title='bbox 617 945 729 1014; x_wconf 90' lang='lat' dir='ltr'><strong>optate,</strong></span> <span class='ocrx_word' id='word_1_66' title='bbox 753 933 850 996; x_wconf 92' lang='lat' dir='ltr'><strong>coloni</strong></span> 
     </span>
    </p>

    <p class='ocr_par' dir='ltr' id='par_1_9' title="bbox 130 1019 846 1184">
     <span class='ocr_line' id='line_1_13' title="bbox 170 1019 846 1102; baseline -0.004 -20"><span class='ocrx_word' id='word_1_67' title='bbox 170 1022 346 1102; x_wconf 80' lang='lat' dir='ltr'><strong>Perpetuam</strong></span> <span class='ocrx_word' id='word_1_68' title='bbox 369 1039 471 1101; x_wconf 91' lang='lat' dir='ltr'><strong>pacem</strong></span> <span class='ocrx_word' id='word_1_69' title='bbox 493 1021 707 1101; x_wconf 80' lang='lat' dir='ltr'><strong>pacificumque</strong></span> <span class='ocrx_word' id='word_1_70' title='bbox 730 1019 846 1081; x_wconf 90' lang='lat' dir='ltr'><strong>ducem.</strong></span> 
     </span>
     <span class='ocr_line' id='line_1_14' title="bbox 130 1105 810 1184; baseline -0.004 -17"><span class='ocrx_word' id='word_1_71' title='bbox 130 1107 235 1168; x_wconf 80' lang='lat' dir='ltr'><strong>Pacem</strong></span> <span class='ocrx_word' id='word_1_72' title='bbox 259 1107 318 1166; x_wconf 92' lang='lat' dir='ltr'><strong>tiro</strong></span> <span class='ocrx_word' id='word_1_73' title='bbox 340 1113 425 1184; x_wconf 80' lang='lat' dir='ltr'><strong>roget</strong></span> <span class='ocrx_word' id='word_1_74' title='bbox 446 1105 547 1174; x_wconf 87' lang='lat' dir='ltr'><strong>tironi,</strong></span> <span class='ocrx_word' id='word_1_75' title='bbox 571 1108 649 1167; x_wconf 86' lang='lat' dir='ltr'><strong>sient</strong></span> <span class='ocrx_word' id='word_1_76' title='bbox 671 1121 810 1183; x_wconf 85' lang='lat' dir='ltr'><strong>agrorum</strong></span> 
     </span>
    </p>
   </div>
   <div class='ocr_carea' id='block_1_7' title="bbox 126 1188 715 1270">
    <p class='ocr_par' dir='ltr' id='par_1_10' title="bbox 126 1188 715 1270">
     <span class='ocr_line' id='line_1_15' title="bbox 126 1188 715 1270; baseline -0.003 -18"><span class='ocrx_word' id='word_1_77' title='bbox 126 1226 130 1234; x_wconf 93' lang='lat'>·</span> <span class='ocrx_word' id='word_1_78' title='bbox 170 1192 271 1270; x_wconf 75' lang='lat' dir='ltr'><strong>Aeque</strong></span> <span class='ocrx_word' id='word_1_79' title='bbox 295 1188 402 1252; x_wconf 91' lang='lat' dir='ltr'><strong>cultori</strong></span> <span class='ocrx_word' id='word_1_80' title='bbox 425 1191 507 1270; x_wconf 91' lang='lat' dir='ltr'><strong>pacis</strong></span> <span class='ocrx_word' id='word_1_81' title='bbox 529 1189 605 1250; x_wconf 89' lang='lat' dir='ltr'><strong>oliva</strong></span> <span class='ocrx_word' id='word_1_82' title='bbox 628 1189 715 1250; x_wconf 86' lang='lat' dir='ltr'><strong>valet.</strong></span> 
     </span>
    </p>
   </div>
   <div class='ocr_carea' id='block_1_8' title="bbox 418 1383 806 1456">
    <p class='ocr_par' dir='ltr' id='par_1_11' title="bbox 418 1383 806 1456">
     <span class='ocr_line' id='line_1_16' title="bbox 418 1383 806 1456; baseline -0.005 -16"><span class='ocrx_word' id='word_1_83' title='bbox 418 1385 562 1455; x_wconf 81' lang='lat' dir='ltr'><strong>[rorum</strong></span> <span class='ocrx_word' id='word_1_84' title='bbox 580 1383 806 1456; x_wconf 75' lang='lat' dir='ltr'><strong>sunrnurm]</strong></span> 
     </span>
    </p>
   </div>
   <div class='ocr_carea' id='block_1_9' title="bbox 131 1501 1097 3018">
    <p class='ocr_par' dir='ltr' id='par_1_12' title="bbox 131 1501 1097 1669">
     <span class='ocr_line' id='line_1_17' title="bbox 131 1501 1097 1586; baseline -0.003 -16"><span class='ocrx_word' id='word_1_85' title='bbox 131 1508 265 1570; x_wconf 89' lang='lat' dir='ltr'><strong>Nondum</strong></span> <span class='ocrx_word' id='word_1_86' title='bbox 288 1507 424 1568; x_wconf 83' lang='lat' dir='ltr'><strong>linierat:</strong></span> <span class='ocrx_word' id='word_1_87' title='bbox 448 1508 520 1586; x_wconf 84' lang='lat' dir='ltr'><strong>pax!</strong></span> <span class='ocrx_word' id='word_1_88' title='bbox 543 1509 612 1585; x_wconf 84' lang='lat' dir='ltr'><strong>pax!</strong></span> <span class='ocrx_word' id='word_1_89' title='bbox 636 1511 806 1569; x_wconf 89' lang='lat' dir='ltr'><strong>cummunio</strong></span> <span class='ocrx_word' id='word_1_90' title='bbox 829 1509 945 1578; x_wconf 86' lang='lat' dir='ltr'><strong>clamat,</strong></span> <span class='ocrx_word' id='word_1_91' title='bbox 1028 1501 1097 1568; x_wconf 64' lang='lat'><strong>&#39;895</strong></span> 
     </span>
     <span class='ocr_line' id='line_1_18' title="bbox 174 1591 808 1669; baseline -0.002 -15"><span class='ocrx_word' id='word_1_92' title='bbox 174 1593 198 1654; x_wconf 88' lang='lat'>0</span> <span class='ocrx_word' id='word_1_93' title='bbox 221 1592 287 1653; x_wconf 83' lang='lat' dir='ltr'><strong>rex!</strong></span> <span class='ocrx_word' id='word_1_94' title='bbox 310 1608 367 1669; x_wconf 84' lang='lat' dir='ltr'><strong>pax</strong></span> <span class='ocrx_word' id='word_1_95' title='bbox 389 1591 449 1661; x_wconf 86' lang='lat' dir='ltr'><strong>liat,</strong></span> <span class='ocrx_word' id='word_1_96' title='bbox 473 1591 579 1654; x_wconf 89' lang='lat' dir='ltr'><strong>bellica</strong></span> <span class='ocrx_word' id='word_1_97' title='bbox 601 1610 689 1652; x_wconf 92' lang='lat' dir='ltr'><strong>causa</strong></span> <span class='ocrx_word' id='word_1_98' title='bbox 712 1592 808 1653; x_wconf 87' lang='lat' dir='ltr'><strong>cadat.</strong></span> 
     </span>
    </p>

    <p class='ocr_par' dir='ltr' id='par_1_13' title="bbox 132 1675 916 1840">
     <span class='ocr_line' id='line_1_19' title="bbox 132 1675 916 1755; baseline 0.003 -18"><span class='ocrx_word' id='word_1_99' title='bbox 132 1677 208 1749; x_wconf 80' lang='lat' dir='ltr'><strong>Quid</strong></span> <span class='ocrx_word' id='word_1_100' title='bbox 230 1676 361 1755; x_wconf 83' lang='lat' dir='ltr'><strong>prodest,</strong></span> <span class='ocrx_word' id='word_1_101' title='bbox 384 1677 485 1751; x_wconf 80' lang='lat' dir='ltr'><strong>fructu</strong></span> <span class='ocrx_word' id='word_1_102' title='bbox 508 1695 567 1737; x_wconf 91' lang='lat' dir='ltr'><strong>non</strong></span> <span class='ocrx_word' id='word_1_103' title='bbox 590 1676 790 1754; x_wconf 79' lang='lat' dir='ltr'><strong>respondente</strong></span> <span class='ocrx_word' id='word_1_104' title='bbox 813 1675 916 1748; x_wconf 88' lang='lat' dir='ltr'><strong>labori,</strong></span> 
     </span>
     <span class='ocr_line' id='line_1_20' title="bbox 179 1759 858 1840; baseline -0.003 -18"><span class='ocrx_word' id='word_1_105' title='bbox 179 1759 314 1822; x_wconf 88' lang='lat' dir='ltr'><strong>Suhdere</strong></span> <span class='ocrx_word' id='word_1_106' title='bbox 336 1767 502 1840; x_wconf 79' lang='lat' dir='ltr'><strong>perpetuae</strong></span> <span class='ocrx_word' id='word_1_107' title='bbox 521 1778 647 1840; x_wconf 92' lang='lat' dir='ltr'><strong>corpora</strong></span> <span class='ocrx_word' id='word_1_108' title='bbox 670 1761 748 1821; x_wconf 81' lang='lat' dir='ltr'><strong>lenta</strong></span> <span class='ocrx_word' id='word_1_109' title='bbox 771 1763 858 1822; x_wconf 78' lang='lat' dir='ltr'><strong>neci?</strong></span> 
     </span>
    </p>

    <p class='ocr_par' dir='ltr' id='par_1_14' title="bbox 133 1842 968 1993">
     <span class='ocr_line' id='line_1_21' title="bbox 133 1842 833 1925; baseline -0.001 -18"><span class='ocrx_word' id='word_1_110' title='bbox 133 1844 232 1908; x_wconf 76' lang='lat' dir='ltr'><strong>Ardua</strong></span> <span class='ocrx_word' id='word_1_111' title='bbox 254 1843 388 1906; x_wconf 83' lang='lat' dir='ltr'><strong>sollicitis</strong></span> <span class='ocrx_word' id='word_1_112' title='bbox 410 1842 534 1906; x_wconf 85' lang='lat' dir='ltr'><strong>victoria</strong></span> <span class='ocrx_word' id='word_1_113' title='bbox 557 1846 712 1925; x_wconf 89' lang='lat' dir='ltr'><strong>quaeritur</strong></span> <span class='ocrx_word' id='word_1_114' title='bbox 729 1847 833 1914; x_wconf 85' lang='lat' dir='ltr'><strong>armis,</strong></span> 
     </span>
     <span class='ocr_line' id='line_1_22' title="bbox 174 1929 968 1993; baseline 0.003 -2"><span class='ocrx_word' id='word_1_115' title='bbox 174 1929 240 1992; x_wconf 87' lang='lat' dir='ltr'><strong>Nun</strong></span> <span class='ocrx_word' id='word_1_116' title='bbox 261 1947 365 1991; x_wconf 88' lang='lat' dir='ltr'><strong>sumus</strong></span> <span class='ocrx_word' id='word_1_117' title='bbox 388 1931 419 1991; x_wconf 95' lang='lat' dir='ltr'><strong>in</strong></span> <span class='ocrx_word' id='word_1_118' title='bbox 443 1930 553 1990; x_wconf 86' lang='lat' dir='ltr'><strong>nostris</strong></span> <span class='ocrx_word' id='word_1_119' title='bbox 575 1929 625 1992; x_wconf 91' lang='lat' dir='ltr'><strong>hic</strong></span> <span class='ocrx_word' id='word_1_120' title='bbox 647 1929 790 1992; x_wconf 86' lang='lat' dir='ltr'><strong>latitando</strong></span> <span class='ocrx_word' id='word_1_121' title='bbox 813 1930 897 1991; x_wconf 91' lang='lat' dir='ltr'><strong>locis.</strong></span> <span class='ocrx_word' id='word_1_122' title='bbox 961 1984 968 1993; x_wconf 82' lang='lat'><em>.</em></span> 
     </span>
    </p>

    <p class='ocr_par' dir='ltr' id='par_1_15' title="bbox 133 2012 971 2180">
     <span class='ocr_line' id='line_1_23' title="bbox 133 2012 971 2093; baseline 0.004 -19"><span class='ocrx_word' id='word_1_123' title='bbox 133 2013 277 2092; x_wconf 82' lang='lat' dir='ltr'><strong>Pergama</strong></span> <span class='ocrx_word' id='word_1_124' title='bbox 300 2012 398 2076; x_wconf 89' lang='lat' dir='ltr'><strong>clausa</strong></span> <span class='ocrx_word' id='word_1_125' title='bbox 421 2022 529 2093; x_wconf 86' lang='lat' dir='ltr'><strong>pavent</strong></span> <span class='ocrx_word' id='word_1_126' title='bbox 550 2013 697 2076; x_wconf 82' lang='lat' dir='ltr'><strong>tironibus</strong></span> <span class='ocrx_word' id='word_1_127' title='bbox 719 2014 814 2076; x_wconf 88' lang='lat' dir='ltr'><strong>obsita</strong></span> <span class='ocrx_word' id='word_1_128' title='bbox 838 2017 971 2093; x_wconf 81' lang='lat' dir='ltr'><strong>Graecis,</strong></span> 
     </span>
     <span class='ocr_line' id='line_1_24' title="bbox 176 2098 884 2180; baseline 0 -20"><span class='ocrx_word' id='word_1_129' title='bbox 176 2099 216 2160; x_wconf 90' lang='lat' dir='ltr'><strong>Ut</strong></span> <span class='ocrx_word' id='word_1_130' title='bbox 237 2099 313 2178; x_wconf 88' lang='lat' dir='ltr'><strong>lapis</strong></span> <span class='ocrx_word' id='word_1_131' title='bbox 334 2100 490 2178; x_wconf 88' lang='lat' dir='ltr'><strong>aequoreis</strong></span> <span class='ocrx_word' id='word_1_132' title='bbox 512 2098 644 2179; x_wconf 89' lang='lat' dir='ltr'><strong>undique</strong></span> <span class='ocrx_word' id='word_1_133' title='bbox 665 2099 770 2178; x_wconf 90' lang='lat' dir='ltr'><strong>pulsus</strong></span> <span class='ocrx_word' id='word_1_134' title='bbox 792 2101 884 2180; x_wconf 88' lang='lat' dir='ltr'><strong>aquis.</strong></span> 
     </span>
    </p>

    <p class='ocr_par' dir='ltr' id='par_1_16' title="bbox 135 2178 972 2346">
     <span class='ocr_line' id='line_1_25' title="bbox 135 2178 972 2261; baseline 0.001 -19"><span class='ocrx_word' id='word_1_135' title='bbox 135 2183 294 2243; x_wconf 83' lang='lat' dir='ltr'><strong>Proximus</strong></span> <span class='ocrx_word' id='word_1_136' title='bbox 315 2200 330 2242; x_wconf 91' lang='lat' dir='ltr'><strong>a</strong></span> <span class='ocrx_word' id='word_1_137' title='bbox 353 2183 440 2243; x_wconf 88' lang='lat' dir='ltr'><strong>tectis</strong></span> <span class='ocrx_word' id='word_1_138' title='bbox 461 2200 550 2260; x_wconf 79' lang='lat' dir='ltr'><strong>aegre</strong></span> <span class='ocrx_word' id='word_1_139' title='bbox 573 2182 744 2243; x_wconf 82' lang='lat' dir='ltr'><strong>defenditur</strong></span> <span class='ocrx_word' id='word_1_140' title='bbox 765 2178 854 2261; x_wconf 79' lang='lat' dir='ltr'><strong>ignis,</strong></span> <span class='ocrx_word' id='word_1_141' title='bbox 969 2219 972 2232; x_wconf 90' lang='lat'>·</span> 
     </span>
     <span class='ocr_line' id='line_1_26' title="bbox 177 2265 775 2346; baseline 0 -20"><span class='ocrx_word' id='word_1_142' title='bbox 177 2267 303 2344; x_wconf 86' lang='lat' dir='ltr'><strong>Saepius</strong></span> <span class='ocrx_word' id='word_1_143' title='bbox 326 2266 444 2326; x_wconf 82' lang='lat' dir='ltr'><strong>avulsus</strong></span> <span class='ocrx_word' id='word_1_144' title='bbox 465 2266 580 2344; x_wconf 81' lang='lat' dir='ltr'><strong>ingruit</strong></span> <span class='ocrx_word' id='word_1_145' title='bbox 599 2265 649 2327; x_wconf 89' lang='lat' dir='ltr'><strong>ille</strong></span> <span class='ocrx_word' id='word_1_146' title='bbox 672 2269 775 2346; x_wconf 82' lang='lat' dir='ltr'><strong>magis.</strong></span> 
     </span>
    </p>

    <p class='ocr_par' dir='ltr' id='par_1_17' title="bbox 134 2348 996 2511">
     <span class='ocr_line' id='line_1_27' title="bbox 134 2348 996 2428; baseline 0.001 -17"><span class='ocrx_word' id='word_1_147' title='bbox 134 2348 308 2412; x_wconf 83' lang='lat' dir='ltr'><strong>Miscuimus</strong></span> <span class='ocrx_word' id='word_1_148' title='bbox 330 2348 439 2410; x_wconf 86' lang='lat' dir='ltr'><strong>multos</strong></span> <span class='ocrx_word' id='word_1_149' title='bbox 461 2353 615 2411; x_wconf 86' lang='lat' dir='ltr'><strong>teterrima</strong></span> <span class='ocrx_word' id='word_1_150' title='bbox 638 2348 714 2412; x_wconf 89' lang='lat' dir='ltr'><strong>bella</strong></span> <span class='ocrx_word' id='word_1_151' title='bbox 737 2368 791 2428; x_wconf 91' lang='lat' dir='ltr'><strong>per</strong></span> <span class='ocrx_word' id='word_1_152' title='bbox 814 2367 917 2420; x_wconf 89' lang='lat' dir='ltr'><strong>annos,</strong></span> <span class='ocrx_word' id='word_1_153' title='bbox 993 2371 996 2378; x_wconf 95' lang='lat'>·</span> 
     </span>
     <span class='ocr_line' id='line_1_28' title="bbox 177 2430 817 2511; baseline -0.002 -16"><span class='ocrx_word' id='word_1_154' title='bbox 177 2435 215 2495; x_wconf 84' lang='lat' dir='ltr'><strong>Et</strong></span> <span class='ocrx_word' id='word_1_155' title='bbox 236 2450 316 2494; x_wconf 91' lang='lat' dir='ltr'><strong>nunc</strong></span> <span class='ocrx_word' id='word_1_156' title='bbox 338 2430 477 2511; x_wconf 75' lang='lat' dir='ltr'><strong>Argolici,</strong></span> <span class='ocrx_word' id='word_1_157' title='bbox 501 2451 581 2494; x_wconf 91' lang='lat' dir='ltr'><strong>nunc</strong></span> <span class='ocrx_word' id='word_1_158' title='bbox 604 2434 740 2496; x_wconf 86' lang='lat' dir='ltr'><strong>cecidere</strong></span> <span class='ocrx_word' id='word_1_159' title='bbox 763 2437 817 2496; x_wconf 89' lang='lat' dir='ltr'><strong>tui.</strong></span> 
     </span>
    </p>

    <p class='ocr_par' dir='ltr' id='par_1_18' title="bbox 133 2516 914 2682">
     <span class='ocr_line' id='line_1_29' title="bbox 133 2516 914 2597; baseline 0.001 -17"><span class='ocrx_word' id='word_1_160' title='bbox 133 2520 216 2580; x_wconf 87' lang='lat' dir='ltr'><strong>luter</strong></span> <span class='ocrx_word' id='word_1_161' title='bbox 238 2536 293 2578; x_wconf 91' lang='lat' dir='ltr'><strong>nos</strong></span> <span class='ocrx_word' id='word_1_162' title='bbox 316 2535 420 2578; x_wconf 89' lang='lat' dir='ltr'><strong>omnes</strong></span> <span class='ocrx_word' id='word_1_163' title='bbox 443 2525 488 2578; x_wconf 88' lang='lat' dir='ltr'><strong>est</strong></span> <span class='ocrx_word' id='word_1_164' title='bbox 509 2516 628 2579; x_wconf 82' lang='lat' dir='ltr'><strong>turbula</strong></span> <span class='ocrx_word' id='word_1_165' title='bbox 650 2534 739 2596; x_wconf 86' lang='lat' dir='ltr'><strong>parva</strong></span> <span class='ocrx_word' id='word_1_166' title='bbox 763 2527 914 2597; x_wconf 89' lang='lat' dir='ltr'><strong>superstes</strong></span> 
     </span>
     <span class='ocr_line' id='line_1_30' title="bbox 178 2600 890 2682; baseline 0.001 -19"><span class='ocrx_word' id='word_1_167' title='bbox 178 2602 216 2663; x_wconf 85' lang='lat' dir='ltr'><strong>Et</strong></span> <span class='ocrx_word' id='word_1_168' title='bbox 236 2602 293 2672; x_wconf 85' lang='lat' dir='ltr'><strong>vix,</strong></span> <span class='ocrx_word' id='word_1_169' title='bbox 317 2601 368 2679; x_wconf 87' lang='lat' dir='ltr'><strong>qui</strong></span> <span class='ocrx_word' id='word_1_170' title='bbox 390 2609 536 2681; x_wconf 89' lang='lat' dir='ltr'><strong>superest,</strong></span> <span class='ocrx_word' id='word_1_171' title='bbox 559 2619 641 2665; x_wconf 89' lang='lat' dir='ltr'><strong>arma</strong></span> <span class='ocrx_word' id='word_1_172' title='bbox 663 2600 762 2664; x_wconf 88' lang='lat' dir='ltr'><strong>levare</strong></span> <span class='ocrx_word' id='word_1_173' title='bbox 783 2611 890 2682; x_wconf 89' lang='lat' dir='ltr'><strong>potest.</strong></span> 
     </span>
    </p>

    <p class='ocr_par' dir='ltr' id='par_1_19' title="bbox 135 2686 1001 2846">
     <span class='ocr_line' id='line_1_31' title="bbox 135 2686 948 2767; baseline 0.002 -19"><span class='ocrx_word' id='word_1_174' title='bbox 135 2687 259 2749; x_wconf 87' lang='lat' dir='ltr'><strong>Graecia</strong></span> <span class='ocrx_word' id='word_1_175' title='bbox 282 2694 395 2766; x_wconf 83' lang='lat' dir='ltr'><strong>pugnat</strong></span> <span class='ocrx_word' id='word_1_176' title='bbox 417 2686 514 2747; x_wconf 90' lang='lat' dir='ltr'><strong>adhuc</strong></span> <span class='ocrx_word' id='word_1_177' title='bbox 535 2686 628 2748; x_wconf 89' lang='lat' dir='ltr'><strong>tardis</strong></span> <span class='ocrx_word' id='word_1_178' title='bbox 651 2687 729 2767; x_wconf 92' lang='lat' dir='ltr'><strong>apud</strong></span> <span class='ocrx_word' id='word_1_179' title='bbox 750 2687 825 2749; x_wconf 92' lang='lat' dir='ltr'><strong>Ilion</strong></span> <span class='ocrx_word' id='word_1_180' title='bbox 850 2689 948 2761; x_wconf 89' lang='lat' dir='ltr'><strong>armis,</strong></span> 
     </span>
     <span class='ocr_line' id='line_1_32' title="bbox 180 2770 1001 2846; baseline 0.007 -14"><span class='ocrx_word' id='word_1_181' title='bbox 180 2771 243 2833; x_wconf 90' lang='lat' dir='ltr'><strong>Nec</strong></span> <span class='ocrx_word' id='word_1_182' title='bbox 264 2788 349 2832; x_wconf 87' lang='lat' dir='ltr'><strong>mens</strong></span> <span class='ocrx_word' id='word_1_183' title='bbox 371 2770 529 2833; x_wconf 83' lang='lat' dir='ltr'><strong>diffindens</strong></span> <span class='ocrx_word' id='word_1_184' title='bbox 553 2790 608 2833; x_wconf 93' lang='lat' dir='ltr'><strong>nec</strong></span> <span class='ocrx_word' id='word_1_185' title='bbox 631 2790 736 2833; x_wconf 90' lang='lat' dir='ltr'><strong>manus</strong></span> <span class='ocrx_word' id='word_1_186' title='bbox 757 2774 849 2835; x_wconf 90' lang='lat' dir='ltr'><strong>instat</strong></span> <span class='ocrx_word' id='word_1_187' title='bbox 871 2777 931 2846; x_wconf 89' lang='lat' dir='ltr'><strong>eis;</strong></span> <span class='ocrx_word' id='word_1_188' title='bbox 997 2835 1001 2838; x_wconf 87' lang='lat'>.</span> 
     </span>
    </p>

    <p class='ocr_par' dir='ltr' id='par_1_20' title="bbox 135 2854 914 3018">
     <span class='ocr_line' id='line_1_33' title="bbox 135 2854 914 2928; baseline 0 -12"><span class='ocrx_word' id='word_1_189' title='bbox 135 2854 210 2916; x_wconf 86' lang='lat' dir='ltr'><strong>Nam</strong></span> <span class='ocrx_word' id='word_1_190' title='bbox 234 2855 350 2925; x_wconf 90' lang='lat' dir='ltr'><strong>lassata,</strong></span> <span class='ocrx_word' id='word_1_191' title='bbox 375 2857 463 2916; x_wconf 88' lang='lat' dir='ltr'><strong>nirnis</strong></span> <span class='ocrx_word' id='word_1_192' title='bbox 485 2855 617 2917; x_wconf 88' lang='lat' dir='ltr'><strong>nondum</strong></span> <span class='ocrx_word' id='word_1_193' title='bbox 640 2857 757 2927; x_wconf 90' lang='lat' dir='ltr'><strong>lassata,</strong></span> <span class='ocrx_word' id='word_1_194' title='bbox 780 2860 914 2928; x_wconf 89' lang='lat' dir='ltr'><strong>recessit,</strong></span> 
     </span>
     <span class='ocr_line' id='line_1_34' title="bbox 180 2938 895 3018; baseline 0.003 -18"><span class='ocrx_word' id='word_1_195' title='bbox 180 2938 310 3007; x_wconf 86' lang='lat' dir='ltr'><strong>Plebem,</strong></span> <span class='ocrx_word' id='word_1_196' title='bbox 333 2956 409 3018; x_wconf 88' lang='lat' dir='ltr'><strong>quae</strong></span> <span class='ocrx_word' id='word_1_197' title='bbox 432 2939 533 3010; x_wconf 85' lang='lat' dir='ltr'><strong>latitat,</strong></span> <span class='ocrx_word' id='word_1_198' title='bbox 557 2939 593 3001; x_wconf 89' lang='lat' dir='ltr'><strong>ad</strong></span> <span class='ocrx_word' id='word_1_199' title='bbox 617 2959 691 3001; x_wconf 85' lang='lat' dir='ltr'><strong>nova</strong></span> <span class='ocrx_word' id='word_1_200' title='bbox 715 2940 791 3002; x_wconf 88' lang='lat' dir='ltr'><strong>bella</strong></span> <span class='ocrx_word' id='word_1_201' title='bbox 814 2944 895 3003; x_wconf 87' lang='lat' dir='ltr'><strong>citat.</strong></span> 
     </span>
    </p>
   </div>
   <div class='ocr_carea' id='block_1_10' title="bbox 137 3139 1106 3271">
    <p class='ocr_par' dir='ltr' id='par_1_21' title="bbox 137 3139 1106 3271">
     <span class='ocr_line' id='line_1_35' title="bbox 205 3139 1104 3208; baseline 0.004 -16"><span class='ocrx_word' id='word_1_202' title='bbox 205 3142 263 3195; x_wconf 85' lang='grc'>884,</span> <span class='ocrx_word' id='word_1_203' title='bbox 282 3139 369 3193; x_wconf 84' lang='lat' dir='ltr'><strong>schol.</strong></span> <span class='ocrx_word' id='word_1_204' title='bbox 387 3141 472 3195; x_wconf 85' lang='lat' dir='ltr'><strong>venti.</strong></span> <span class='ocrx_word' id='word_1_205' title='bbox 545 3141 604 3192; x_wconf 81' lang='lat'>885.</span> <span class='ocrx_word' id='word_1_206' title='bbox 625 3141 684 3194; x_wconf 85' lang='lat' dir='ltr'><strong>cod.</strong></span> <span class='ocrx_word' id='word_1_207' title='bbox 704 3142 789 3208; x_wconf 87' lang='lat' dir='ltr'><strong>sepel.</strong></span> <span class='ocrx_word' id='word_1_208' title='bbox 869 3144 928 3199; x_wconf 86' lang='grc'>891,</span> <span class='ocrx_word' id='word_1_209' title='bbox 946 3142 1104 3196; x_wconf 82' lang='lat' dir='ltr'><strong>Allusioues</strong></span> 
     </span>
     <span class='ocr_line' id='line_1_36' title="bbox 137 3208 1106 3271; baseline 0.007 -13"><span class='ocrx_word' id='word_1_210' title='bbox 137 3208 294 3260; x_wconf 76' lang='lat' dir='ltr'><strong>Ouidianae</strong></span> <span class='ocrx_word' id='word_1_211' title='bbox 312 3213 342 3258; x_wconf 84' lang='lat' dir='ltr'><strong>ut</strong></span> <span class='ocrx_word' id='word_1_212' title='bbox 359 3209 437 3259; x_wconf 74' lang='lat' dir='ltr'><strong>Fosi.</strong></span> <span class='ocrx_word' id='word_1_213' title='bbox 457 3209 479 3271; x_wconf 89' lang='lat'><strong>1,</strong></span> <span class='ocrx_word' id='word_1_214' title='bbox 498 3210 556 3260; x_wconf 80' lang='lat'><strong>695.</strong></span> <span class='ocrx_word' id='word_1_215' title='bbox 576 3210 633 3264; x_wconf 76' lang='lat'><strong>⁷04.</strong></span> <span class='ocrx_word' id='word_1_216' title='bbox 685 3210 744 3261; x_wconf 79' lang='grc'>899.</span> <span class='ocrx_word' id='word_1_217' title='bbox 761 3210 880 3262; x_wconf 85' lang='lat' dir='ltr'><strong>imitatio</strong></span> <span class='ocrx_word' id='word_1_218' title='bbox 892 3209 998 3262; x_wconf 85' lang='lat' dir='ltr'><strong>Lucan.</strong></span> <span class='ocrx_word' id='word_1_219' title='bbox 1010 3212 1106 3265; x_wconf 83' lang='lat' dir='ltr'><strong>Phars.</strong></span> 
     </span>
    </p>
   </div>
   <div class='ocr_carea' id='block_1_11' title="bbox 137 3265 836 3397">
    <p class='ocr_par' dir='ltr' id='par_1_22' title="bbox 137 3265 836 3397">
     <span class='ocr_line' id='line_1_37' title="bbox 140 3265 836 3343; baseline 0.006 -18"><span class='ocrx_word' id='word_1_220' title='bbox 140 3277 170 3325; x_wconf 91' lang='lat' dir='ltr'><strong>V.</strong></span> <span class='ocrx_word' id='word_1_221' title='bbox 189 3277 248 3328; x_wconf 76' lang='lat'><strong><em>2⁸13.</em></strong></span> <span class='ocrx_word' id='word_1_222' title='bbox 283 3302 317 3311; x_wconf 93' lang='grc'>-</span> <span class='ocrx_word' id='word_1_223' title='bbox 334 3302 366 3312; x_wconf 98' lang='grc'><strong>-</strong></span> <span class='ocrx_word' id='word_1_224' title='bbox 385 3274 449 3326; x_wconf 87' lang='lat' dir='ltr'><strong>finis</strong></span> <span class='ocrx_word' id='word_1_225' title='bbox 467 3279 529 3341; x_wconf 86' lang='lat' dir='ltr'><strong>quis</strong></span> <span class='ocrx_word' id='word_1_226' title='bbox 547 3277 691 3343; x_wconf 81' lang='lat' dir='ltr'><strong>quaeritur</strong></span> <span class='ocrx_word' id='word_1_227' title='bbox 709 3279 811 3329; x_wconf 75' lang='lat' dir='ltr'><strong>armis?</strong></span> <span class='ocrx_word' id='word_1_228' title='bbox 830 3265 836 3292; x_wconf 84' lang='lat'><em>&#39;</em></span> 
     </span>
     <span class='ocr_line' id='line_1_38' title="bbox 137 3342 482 3397; baseline 0.003 -3"><span class='ocrx_word' id='word_1_229' title='bbox 137 3345 198 3397; x_wconf 82' lang='lat'><strong>903.</strong></span> <span class='ocrx_word' id='word_1_230' title='bbox 218 3342 312 3394; x_wconf 86' lang='lat' dir='ltr'><strong>Ovidii</strong></span> <span class='ocrx_word' id='word_1_231' title='bbox 329 3343 405 3394; x_wconf 83' lang='lat' dir='ltr'><strong>Rem.</strong></span> <span class='ocrx_word' id='word_1_232' title='bbox 423 3344 482 3395; x_wconf 77' lang='lat'><strong>625.</strong></span> 
     </span>
    </p>
   </div>
   <div class='ocr_carea' id='block_1_12' title="bbox 138 3411 953 3542">
    <p class='ocr_par' dir='ltr' id='par_1_23' title="bbox 138 3411 953 3542">
     <span class='ocr_line' id='line_1_39' title="bbox 291 3411 953 3481; baseline 0.006 -21"><span class='ocrx_word' id='word_1_233' title='bbox 291 3411 438 3461; x_wconf 85' lang='lat' dir='ltr'><strong>Proximus</strong></span> <span class='ocrx_word' id='word_1_234' title='bbox 457 3427 473 3462; x_wconf 85' lang='lat' dir='ltr'><strong>a</strong></span> <span class='ocrx_word' id='word_1_235' title='bbox 492 3412 574 3462; x_wconf 84' lang='lat' dir='ltr'><strong>tectis</strong></span> <span class='ocrx_word' id='word_1_236' title='bbox 592 3412 666 3478; x_wconf 74' lang='lat' dir='ltr'><strong>ignis</strong></span> <span class='ocrx_word' id='word_1_237' title='bbox 684 3412 844 3464; x_wconf 82' lang='lat' dir='ltr'><strong>defenditur</strong></span> <span class='ocrx_word' id='word_1_238' title='bbox 861 3429 953 3481; x_wconf 82' lang='lat' dir='ltr'><strong>aegre.</strong></span> 
     </span>
     <span class='ocr_line' id='line_1_40' title="bbox 138 3477 921 3542; baseline 0.003 -12"><span class='ocrx_word' id='word_1_239' title='bbox 138 3480 199 3533; x_wconf 88' lang='lat'><strong>908.</strong></span> <span class='ocrx_word' id='word_1_240' title='bbox 218 3477 282 3540; x_wconf 77' lang='lat' dir='ltr'><strong>eorl.¹</strong></span> <span class='ocrx_word' id='word_1_241' title='bbox 299 3478 368 3542; x_wconf 88' lang='lat' dir='ltr'><strong>quis.</strong></span> <span class='ocrx_word' id='word_1_242' title='bbox 439 3479 497 3533; x_wconf 78' lang='lat'><strong>911.</strong></span> <span class='ocrx_word' id='word_1_243' title='bbox 515 3494 542 3532; x_wconf 92' lang='lat' dir='ltr'><strong>n.</strong></span> <span class='ocrx_word' id='word_1_244' title='bbox 560 3477 578 3535; x_wconf 85' lang='lat'><strong>1.</strong></span> <span class='ocrx_word' id='word_1_245' title='bbox 595 3494 621 3530; x_wconf 90' lang='lat' dir='ltr'><strong>n.</strong></span> <span class='ocrx_word' id='word_1_246' title='bbox 641 3495 667 3530; x_wconf 84' lang='lat' dir='ltr'><strong>n.</strong></span> <span class='ocrx_word' id='word_1_247' title='bbox 685 3479 704 3535; x_wconf 84' lang='lat'><strong>1,</strong></span> <span class='ocrx_word' id='word_1_248' title='bbox 722 3481 850 3532; x_wconf 81' lang='lat' dir='ltr'><strong>sauciato</strong></span> <span class='ocrx_word' id='word_1_249' title='bbox 867 3495 921 3533; x_wconf 86' lang='lat' dir='ltr'><strong>rec.</strong></span> 
     </span>
    </p>
   </div>
   <div class='ocr_carea' id='block_1_13' title="bbox 191 3565 903 3615">
    <p class='ocr_par' dir='ltr' id='par_1_24' title="bbox 191 3565 903 3615">
     <span class='ocr_line' id='line_1_41' title="bbox 191 3565 903 3615; baseline 0.01 -7"><span class='ocrx_word' id='word_1_250' title='bbox 191 3565 284 3609; x_wconf 82' lang='lat' dir='ltr'><strong>Troilus.</strong></span> <span class='ocrx_word' id='word_1_251' title='bbox 872 3568 903 3615; x_wconf 81' lang='lat' dir='ltr'><strong>ll</strong></span> 
     </span>
    </p>
   </div>
   <div class='ocr_carea' id='block_1_14' title="bbox 0 0 1305 3976">
    <p class='ocr_par' dir='ltr' id='par_1_25' title="bbox 0 0 1305 3976">
     <span class='ocr_line' id='line_1_42' title="bbox 0 0 1305 3976; baseline 0 0"><span class='ocrx_word' id='word_1_252' title='bbox 0 0 1305 3976; x_wconf 95' lang='lat' dir='ltr'><strong> </strong></span> 
     </span>
    </p>
   </div>
  </div>
 </body>
</html>
