2574 3976
110 3021 111 3024 ,
214 2977 330 3028 locusta.
344 2977 461 3028 Helena.
514 2980 641 3030 ilo-oo.
654 2980 770 3046 Benign.
789 2996 849 3031 exer

217 170 278 234 192
516 171 579 223 niu.
601 171 647 220 vr.
684 183 711 224 v.
731 172 877 226 aas-roo.
966 239 973 248 .

214 323 271 384 Tot
292 322 395 401 positis
417 321 550 382 numeris
573 323 661 382 etiam
683 323 810 383 fortasse
833 323 971 403 requiris,

258 407 387 468 Currere
410 405 564 466 versieulis
586 415 659 484 quot
681 404 758 468 liber
779 408 834 466 iste
858 407 941 467 velit:

214 491 372 551 bisdenis
395 489 469 550 adde
491 497 539 550 ter
561 499 681 550 centum
705 489 792 551 millia
817 491 957 570 quinque,

258 574 321 635 lloo
343 591 467 635 numero
490 582 591 634 textus
614 577 727 635 texitur
749 576 899 635 historiae.

458 787 702 881 [COMPELLATI
705 788 727 843 0
745 788 940 858 Hanunea]

215 912 237 972 Α
261 911 384 990 eampis,
408 909 459 971 ubi
482 908 570 989 Troja
593 912 660 978 luit,
684 910 837 972 discedere
859 913 954 972 vietor

257 995 372 1072 Cogitat
394 1003 424 1054 et
446 998 597 1074 propriam
620 999 716 1055 visere
738 995 869 1057 Graecus
891 985 1030 1064 humum;

155 1137 158 1142 .
215 1078 291 1140 'lota
313 1077 475 1149 ferebatur,
500 1097 656 1138 numerum
681 1096 756 1155 quae
779 1082 863 1158 eopia
885 1081 963 1148 vicit,

258 1163 301 1224 Ad
323 1160 453 1223 latebras
474 1164 583 1224 ratium
606 1163 715 1241 praeda
738 1163 869 1224 vehenda
894 1163 1025 1225 domum.

216 1246 363 1308 Redditur
385 1248 499 1308 interea
522 1245 654 1308 Menelao
678 1257 759 1308 easta
782 1246 893 1310 locusta

258 1331 412 1392 Deteriore
435 1340 512 1392 statu
535 1341 640 1430 sponte
660 1329 756 1409 jocata
780 1333 839 1392 diu

214 1416 357 1477 Fnemina
381 1415 470 1492 digna
492 1419 568 1476 mori
590 1415 763 1477 redamatur
784 1435 886 1477 aurore
908 1417 1003 1513 priori
1101 1494 1103 1498 .

256 1499 380 1561 Reddita
404 1502 510 1560 viatori
534 1498 703 1578 delitiisque
726 1503 792 1560 tori
877 1513 879 1519 ·

216 1583 308 1645 Saeva
332 1584 411 1663 quod
435 1584 543 1650 evadis
566 1601 625 1644 non
649 1584 757 1644 tradita
781 1593 879 1644 cetera
903 1584 1005 1653 tradis,

258 1667 317 1730 Cur
340 1685 390 1728 rea
414 1675 446 1728 tu
469 1667 560 1728 cladis
582 1686 641 1728 non
664 1687 781 1746 quoque
805 1666 888 1729 olade
910 1667 1001 1728 uadis.

215 1753 247 1813 Si
269 1753 364 1812 lueris
386 1751 455 1822 lota,
479 1754 504 1813 si
526 1754 584 1812 vila
608 1770 735 1832 sequens
758 1751 835 1812 bona
860 1761 917 1812 tola

257 1836 322 1897 Nou
346 1837 406 1896 eris
428 1838 537 1912 ignota,
563 1854 622 1896 uon
646 1840 706 1896 oris
728 1836 839 1916 absque
862 1846 942 1896 nota.

214 1920 327 1981 Rumor
349 1920 385 1981 de
407 1923 502 1981 veteri
525 1921 612 1980 laoiat
633 1929 756 1981 ventura
781 1922 889 1988 timeri,

260 2003 332 2065 Cras
353 2005 463 2083 poteris
486 2005 550 2064 lieri
573 2005 684 2084 perlida
708 2005 785 2065 sicul
805 2005 879 2064 beri.

215 2086 281 2157 Quo
303 2087 394 2148 semel
418 2096 463 2148 est
484 2086 598 2148 imbuta
622 2107 738 2161 reeens,
761 2088 889 2149 servabit
911 2088 1044 2156 odorem,

256 2171 295 2232 Ut
316 2173 399 2252 quasi
422 2180 580 2233 consuetus
602 2175 641 2232 sit
663 2170 729 2238 sibi.
754 2182 828 2234 testa
851 2173 910 2232 diu.

216 2255 301 2327 Quod
325 2256 434 2335 pubem
457 2257 535 2317 virus
557 2254 722 2327 maculavit,
747 2265 833 2317 canet
855 2259 885 2316 in
907 2255 1000 2324 illisi

261 2341 293 2400 lu
316 2340 425 2418 quibus
448 2346 477 2400 et
499 2348 595 2416 canet,
618 2343 829 2418 convenienter
852 2340 930 2411 obil;

216 2425 290 2485 Nam
313 2425 459 2484 medicina
484 2423 561 2493 silet,
585 2424 636 2484 ubi
659 2425 755 2485 morbi
779 2443 865 2486 causa
889 2423 1010 2494 silescit,

257 2509 389 2570 Horrent
411 2508 543 2569 admotas
566 2507 687 2570 vulnera
712 2509 802 2570 cruda
825 2527 939 2570 manus.

215 2591 334 2653 Tollere
357 2587 500 2653 nodosam
522 2595 617 2654 uesoit
640 2593 786 2655 medicina
809 2594 981 2673 podagram,

259 2676 321 2736 Neo
344 2675 396 2736 tibi
421 2685 591 2737 concretam
614 2679 698 2754 potio
721 2676 800 2738 nulla
824 2685 934 2738 troiam.
1050 2721 1051 2724 ,
1133 2686 1185 2734 too

283 2913 340 2962 738
360 2911 468 2974 Margo:
488 2915 604 2976 excepto
624 2914 763 2976 prooemio
783 2912 964 3030 etoapitulis.
1000 2913 1059 2962 733.
1072 2910 1184 2975 Mamer:

167 3062 176 3074 ·
215 3051 308 3095 tamen
325 3061 351 3094 v
365 3047 406 3095 25
425 3060 473 3110 pro
492 3047 603 3108 nostri,
605 3046 789 3097 .“redumatur
808 3045 993 3112 „remealnr“.
1046 3047 1104 3096 743.
1124 3046 1184 3096 cod.

894 2978 1185 3044 nomentanum
1258 2975 1263 2986 “

215 3129 263 3162 our
281 3127 327 3162 rea
345 3111 441 3162 eladis.
489 3114 546 3163 751.
566 3116 608 3168 33.
625 3113 742 3178 Benign.
762 3085 850 3165 excid.
870 3106 944 3178 Troj.
963 3117 1004 3165 33.
1024 3115 1065 3173 34,
1089 3117 1184 3162 tamen
1260 3109 1282 3170 ‚d

214 3181 293 3230 mal
320 3181 453 3244 „turpia‘
479 3196 528 3245 pro
555 3181 643 3231 nostri
666 3179 818 3246 ‚“.p‚erfida
920 3183 980 3232 753.
1006 3182 1048 3232 34.
1071 3179 1185 3230 Horatii

217 3251 288 3296 sunt.
306 3216 348 3311 dp
351 3248 394 3300 ist.
412 3245 433 3304 1,
453 3249 478 3310 2,
497 3250 538 3303 39,
558 3249 598 3298 to.
668 3251 726 3299 737
744 3263 838 3314 margo
858 3265 907 3314 pro
925 3249 1054 3300 senescit.

216 3316 274 3365 759
292 3263 348 3364 Ovp
362 3328 376 3363 8
403 3313 483 3364 Pont.
501 3313 523 3376 1,
540 3316 566 3377 3,
584 3317 625 3369 23,
643 3317 676 3364 24

351 3380 462 3430 Tollere
482 3350 612 3431 nodosam
630 3384 721 3432 nescit
740 3382 877 3433 medicina
895 3383 988 3448 podag
990 3397 1047 3432 rem

384 3447 440 3497 Neo
457 3446 613 3498 formidatis
631 3449 779 3499 auxiliatur
797 3451 885 3514 aquis.
