2590 3984
169 161 210 226 74
469 165 531 214 Lib.
549 165 600 219 111.
635 180 663 216 v.
681 167 826 220 108—132.

211 316 300 377 llulta
322 314 416 378 lerata
440 315 493 376 diu
514 333 605 377 cerno
627 318 725 378 ruisse
747 320 817 378 cito.

168 401 224 470 Tu,
249 418 367 479 quoque
389 400 434 462 lac
457 401 575 478 timeas3
600 408 629 460 et
650 419 725 481 quae
748 401 837 462 modu
859 410 922 463 tuta
946 401 1092 473 videntur,

211 484 286 545 Dum
309 483 453 565 loqueris,
475 485 541 545 lieri
564 486 660 546 tristia
683 502 770 564 posse
793 495 902 565 puta*
1087 497 1137 545 110

169 569 319 630 Victorem
341 571 419 630 victo
441 567 637 630 succumbere
660 587 751 649 saepo
772 570 916 640 ridemus,

212 657 307 733 Saepe
328 661 411 714 creat
432 653 537 714 molles
559 671 665 734 aspera
688 655 774 733 spina
796 672 888 716 rosas.

169 741 249 818 Ergo
269 740 328 800 riri
350 737 442 799 lortes
463 739 594 799 animum
618 742 770 808 resumite,
793 739 919 817 pulclrro

212 824 363 887 Possimus
384 823 501 884 initium
523 823 641 884 vincere
663 823 722 883 lina
745 823 866 886 malum.

169 909 337 971 Strenuitas
359 906 453 969 hostis
474 906 548 967 haec
570 905 676 984 gaudia
700 907 825 968 contulit
848 909 934 977 hosti,
1052 953 1056 962 .
1086 918 1135 966 tto

211 991 263 1054 llle
286 991 413 1053 lurendo
435 993 506 1053 lerit
527 1001 557 1052 et
578 991 713 1052 feriendo
737 993 839 1063 furit,

169 1077 307 1140 Cernitur
329 1077 359 1136 in
381 1074 516 1136 manibus
538 1075 689 1138 imanihus
711 1094 793 1138 arma
816 1084 918 1138 tenere

211 1162 248 1222 Et
269 1158 356 1220 uobis
378 1161 472 1221 instat
493 1158 549 1220 hac
571 1161 686 1220 ratione
709 1161 791 1222 dare.

169 1247 288 1308 laetius
310 1252 365 1313 est,
389 1261 496 1322 magno
519 1245 658 1321 quotiens
679 1244 736 1306 sibi
759 1252 882 1314 constat,
906 1243 1080 1315 honestum

212 1331 311 1390 Virtus
334 1329 360 1388 si
382 1346 442 1388 non
465 1339 510 1390 est
532 1329 642 1400 ardua,¹
657 1327 744 1390 laude
767 1340 848 1390 caret
1086 1341 1135 1389 tao

168 1416 227 1476 Par
249 1411 333 1474 labor
356 1422 445 1493 atque
468 1419 563 1474 metus
584 1416 682 1492 pretio
705 1413 819 1493 majore
841 1421 992 1494 petuntur,
1151 1437 1152 1446 ¹

210 1499 307 1559 Ardua
331 1515 385 1576 per
407 1515 551 1577 praeceps
572 1496 666 1575 gloria
690 1497 770 1559 vadit
790 1500 857 1562 iter.

169 1582 328 1646 Blanditiis
351 1581 489 1660 indignus
511 1584 570 1642 erit
592 1581 732 1658 mollique
755 1585 846 1661 potiri

211 1668 354 1734 Fortuna,
378 1667 403 1726 si
426 1667 490 1746 quis
512 1667 608 1726 nescit
630 1682 730 1726 amara
752 1668 823 1746 pati.

169 1751 265 1813 Corde
288 1751 406 1811 leonino
429 1749 536 1811 lortam
559 1768 714 1811 curramus
735 1753 767 1811 in
790 1751 920 1821 hostem;
1086 1762 1134 1810 125

212 1837 243 1896 Si
265 1835 311 1896 leo
335 1844 366 1896 tu
388 1834 492 1904 lucris,
515 1852 583 1894 nrox
606 1837 663 1895 erit
684 1833 734 1894 ille
757 1834 850 1912 lepus.

168 1919 230 1982 Nec
252 1920 337 1998 prius
359 1927 478 1980 extenta
501 1917 688 1980 retrahamus
712 1919 841 1992 brachia,
865 1920 960 1982 donec

214 2004 328 2064 Sentiat
350 2009 482 2082 optatum
506 2010 604 2063 nost-ra
628 2003 749 2082 querela
772 2004 862 2066 diem.

171 2088 347 2149 Constantes
368 2088 461 2148 animi
483 2093 626 2164 superant
646 2088 835 2150 incommoda
859 2088 939 2159 belli,

211 2171 354 2233 Eventum
377 2170 472 2241 validi.
496 2190 556 2232 non
579 2170 674 2250 proba
696 2171 773 2234 lacta
796 2172 893 2250 probi.
1086 2181 1135 2232 130

169 2255 221 2318 Est
243 2264 352 2325 nmen,
376 2266 410 2318 ut
431 2258 565 2326 recitem,
589 2257 738 2318 exercitus
760 2265 791 2317 et
812 2275 997 2326 numerosus,

211 2341 307 2412 Ouum
331 2341 428 2403 mittet
450 2338 599 2421 Telephus
620 2340 801 2402 inveniendo
824 2359 927 2403 novus,

240 2510 297 2564 108.
307 2509 419 2574 Margus
432 2508 492 2558 ideo
506 2523 648 2573 speramus
661 2509 727 2560 deos
739 2510 819 2561 nobis
829 2511 963 2577 propitios
973 2510 1039 2574 qnia
1049 2523 1135 2561 cause

171 2580 268 2627 nostro
285 2575 393 2639 iustior,
412 2575 477 2641 quia
495 2591 549 2626 non
563 2575 640 2640 juste
659 2576 819 2642 deportavit
836 2578 917 2628 Poris
940 2575 1086 2640 Holenam,
1107 2581 1135 2627 et

170 2643 325 2762 {giooquol}
344 2641 655 2762 sprtlligaaprgpdussgton
672 2643 757 2695 habat
775 2644 861 2695 bouus
881 2649 1003 2698 eventus.
1075 2646 1133 2699 109.

207 2749 211 2760 .
257 2726 281 2762 v.
325 2725 381 2760 on.
548 2745 554 2759 .
607 2747 614 2760 .

237 2777 279 2828 Tu
298 2792 406 2843 quoque
424 2747 470 2827 islo
486 2747 598 2839 ’timeam
619 2782 656 2840 et,
675 2793 747 2843 quaa
765 2779 818 2829 tibi
834 2777 912 2830 laeto
929 2779 1066 2842 videntur,

269 2845 342 2896 Dum
360 2844 492 2909 loqueris,
510 2844 571 2895 lieri
588 2846 678 2896 tristia
696 2861 777 2912 posse
795 2852 872 2912 puta.

170 2915 227 2964 109.
245 2914 298 2967 Tn.
315 2912 533 2978 superscriptum
546 2911 678 2978 ‚,Troja“.
731 2916 788 2964 112.
807 2913 858 2966 Ov.
873 2929 897 2964 a.
909 2914 991 2965 Pont.
1003 2914 1041 2973 11,
1054 2916 1078 2977 2,
1093 2916 1135 2980 34.

168 2983 261 3032 114.ο
287 2981 411 3047 margine
432 2995 495 3046 pro:
523 2979 604 3032 malo.
623 3007 655 3018 -—
673 2981 772 3048 Margo
795 2995 843 3049 pro
862 2983 1005 3032 interitum
1023 2981 1136 3049 praebet

167 3048 276 3100 initium
292 3048 365 3113 quod
383 3063 537 3116 quenquam
549 3052 637 3100 metro
649 3064 704 3100 non
716 3054 783 3114 apte
794 3050 945 3101 conveniat
954 3053 1049 3100 tamen
1061 3065 1136 3100 rece·

168 3116 257 3182 pimus
276 3116 340 3181 quia
358 3118 457 3180 poetae
476 3114 585 3167 medies
602 3115 755 3167 latinitatis
763 3117 882 3182 primam
893 3113 977 3180 hujus
987 3117 1067 3168 verbi
1079 3116 1136 3181 syl·

167 3183 261 3234 lebam
278 3182 412 3248 imprimis
430 3183 460 3233 in
478 3183 536 3234 ersi
553 3182 751 3248 producebant.
806 3187 863 3236 119.
882 3185 951 3235 Luc.
969 3184 1068 3238 Phara.
1085 3184 1135 3247 lx,

167 3253 227 3303 404.
240 3252 298 3301 120.
327 3249 686 3314 Lucan.1>hars.1v,ora:
705 3266 788 3316 quam
806 3252 915 3306 sitnon
934 3252 1020 3302 ardua
1038 3253 1135 3304 virtus.

169 3319 225 3368 121.
244 3317 349 3367 Lucan.
372 3315 470 3367 Phara.
493 3317 521 3380 1,
543 3317 603 3368 292.
689 3320 748 3371 122.
767 3317 848 3370 ovtu.
873 3320 957 3370 'l'rist
976 3319 1024 3381 IV,
1043 3323 1073 3383 3,
1092 3319 1134 3370 ll.

169 3387 226 3436 123.
245 3382 339 3437 linuit.
357 3381 435 3435 Alex.
453 3384 475 3446 Ι,
493 3383 551 3434 496.
570 3384 614 3434 99.
632 3382 808 3437 Blanditiis.
826 3423 833 3435 .
853 3423 858 3435 .
879 3424 886 3440 .
905 3387 991 3452 potiri

304 3450 437 3512 Fortuna,
457 3450 502 3515 qui
521 3449 590 3500 dura
608 3453 668 3518 pati
685 3451 731 3505 vel
750 3468 845 3505 amera
863 3459 982 3505 recuset.
