2574 3976
478 759 771 892 urnnueunm

296 983 465 1051 VERSUS
487 983 548 1048 DE
570 983 751 1051 EXCIDIO
773 983 949 1048 TROIAE.

143 1175 267 1246 Divinis,
290 1192 394 1253 regno,
418 1177 528 1253 specie,
551 1176 668 1243 virtute
691 1174 863 1252 triumphis,

185 1261 248 1321 Rex
270 1257 406 1320 Priamus
429 1258 508 1319 clara
532 1257 628 1318 clarus
650 1261 680 1318 in
705 1256 778 1317 urhe
801 1260 867 1318 suit.

142 1345 218 1405 llum
240 1362 302 1412 rex,
327 1342 396 1404 dum
418 1360 570 1422 procereS,
593 1342 662 1403 dum
686 1350 801 1402 starent
822 1342 963 1420 Pergama
987 1343 1087 1421 Traja,

186 1427 267 1498 Quae
289 1428 389 1500 decus,
414 1434 443 1486 et
464 1428 577 1505 speeies
601 1434 631 1486 et
653 1434 742 1505 eaput
763 1425 846 1487 orbis
868 1433 941 1486 erat.

142 1509 205 1572 Rex
228 1511 379 1574 Hecubam
404 1511 488 1572 duxit
510 1512 619 1572 sociam
643 1510 699 1570 silri
722 1509 884 1580 nobilitate,
1090 1523 1106 1570 5

184 1597 340 1676 Auspiciis,
365 1596 469 1664 forma,
494 1595 595 1664 rebus,
619 1612 719 1655 amere
742 1605 839 1656 trono.

142 1681 185 1742 Ex
208 1681 264 1741 hae
287 1683 418 1760 suscepit
440 1690 536 1741 natos.
576 1681 647 1741 Erat
669 1679 779 1740 Hector
801 1682 831 1738 in
855 1677 915 1740 illis

185 1765 336 1834 Summus,
360 1767 442 1825 etin
466 1764 544 1825 bello
568 1763 702 1825 fulminis
724 1765 818 1824 instar
840 1763 964 1826 habens.

144 1847 216 1911 Plus
237 1851 321 1910 ierus
343 1848 392 1909 ille
416 1849 488 1918 tero,
512 1849 579 1928 plus
602 1867 681 1918 urse,
706 1849 809 1927 plusve
832 1847 933 1926 leone3

187 1933 235 1994 Sic
258 1936 315 1995 luit
337 1933 448 2013 absque
471 1934 534 1994 lere
557 1934 625 2011 plus
647 1933 727 1992 ierus
750 1931 799 1995 illc
822 1934 906 1994 ieris.
1074 1943 1106 1990 10

144 2017 168 2079 0
190 2019 318 2080 faustum
344 2019 435 2080 natis!
458 2038 476 2080 c
500 2019 625 2079 faustum
650 2015 775 2097 conjuge
799 2018 913 2095 regern!

185 2101 217 2163 Si
238 2104 351 2183 pariter
372 2103 508 2168 Paridem
532 2120 592 2163 non
615 2104 781 2182 peperisset
803 2105 839 2162 ei.

142 2185 208 2247 Non
231 2190 263 2248 in
286 2205 322 2248 ec
344 2189 461 2266 peperit
482 2189 601 2266 pignus,
626 2187 676 2248 sed
700 2186 767 2256 tela,
791 2187 841 2246 sed
866 2187 957 2262 ignes,

187 2271 247 2331 Sed
269 2270 336 2340 sihi,
360 2271 410 2330 sed
434 2267 563 2339 Priamo,
587 2270 639 2332 sed
663 2271 869 2331 malecuncta
893 2273 963 2331 suis.

142 2354 206 2414 llcc
220 2366 315 2434 pater,
331 2353 388 2414 hoc
402 2357 542 2432 genitrix,
558 2354 614 2415 hcc
630 2357 754 2416 fratrum
771 2364 874 2416 coetus
890 2362 919 2414 et
933 2353 1053 2422 Hector,
1074 2365 1105 2412 15

183 2438 247 2500 Hoc
270 2441 357 2500 etiam
381 2443 468 2516 regni
489 2437 583 2516 gloria
606 2438 695 2517 Treja
718 2438 807 2500 eadit.

142 2524 228 2584 Hunc
251 2523 388 2586 Paridem
410 2523 542 2600 paritura
567 2539 675 2602 parens
697 2541 752 2602 per
774 2524 885 2584 somnia
911 2522 994 2592 vidit;

185 2606 261 2668 Vidit
283 2627 337 2688 pro
360 2626 454 2686 puero
476 2628 508 2669 se
530 2610 684 2688 peperisse
706 2607 811 2668 lacem.
1003 2615 1008 2632 ¹

141 2691 217 2754 llum
240 2712 293 2756 rex
315 2695 348 2755 in
370 2694 455 2770 signo
478 2701 548 2754 tunc
569 2693 644 2770 signi
668 2693 804 2772 percipit,
828 2691 932 2762 lrcrret
1011 2742 1016 2747 .

140 2802 144 2808 ⁴
185 2777 269 2848 Quod
292 2786 376 2856 parat
397 2781 428 2838 in
452 2779 558 2858 pignus
581 2779 691 2857 impius
713 2796 777 2838 esse
790 2778 875 2856 pice.
1048 2787 1106 2844 ,20

142 2860 215 2922 Nam
238 2880 365 2941 puerum
389 2871 490 2923 natum
514 2881 570 2941 pro
590 2861 675 2940 jussu
697 2863 776 2939 regis
799 2863 828 2921 in
853 2859 932 2922 ldam

185 2944 269 3006 Serri
291 2946 427 3006 tollentes
450 2964 520 3006 ense
542 2964 650 3006 necare
672 2955 787 3024 parant.

142 3027 200 3090 Sed
223 3049 298 3108 puer
320 3031 486 3110 adspiciens
508 3048 610 3092 ensem
633 3031 751 3090 radiare
774 3047 941 3099 coruscum,

184 3115 305 3176 Arridet
326 3115 423 3192 gladic
446 3118 565 3176 nescius
588 3134 659 3176 ense
682 3117 780 3183 neeis;

142 3198 225 3269 Quod
249 3217 445 3279 percussurus
467 3219 594 3261 cernens
617 3217 673 3260 ecr-
691 3200 792 3268 sseetit,
817 3208 847 3258 et
868 3200 958 3260 ictum
1071 3207 1105 3254 25

168 3284 221 3344 ¹Et
242 3286 326 3347 ierus
350 3293 379 3345 et
400 3287 511 3346 seriens
534 3281 645 3345 desinit
667 3302 732 3344 esse
755 3283 852 3344 simul.

143 3365 204 3427 Sub
229 3368 306 3430 loliis
328 3370 423 3429 virum
449 3369 563 3448 linquit,
588 3387 674 3448 quem
698 3378 800 3447 pastor
822 3367 970 3428 oberrans

183 3451 308 3522 Invenit,
333 3464 365 3513 ut
387 3453 462 3514 loliis
485 3471 581 3534 nuper
604 3460 727 3532 opertus
750 3462 822 3512 erat.
