2590 3984
197 179 239 246 98
504 184 566 234 Lib.
585 185 636 236 111.
670 199 697 234 v.
718 185 861 234 tet-822.

198 336 262 396 Rex
286 335 341 396 tibi
365 335 510 402 dissentit,
534 334 585 395 sed
609 335 722 412 virgine
745 335 853 413 dignus
877 352 920 406 es,
943 335 1049 413 iuquit,

241 421 287 480 Tu
310 421 406 488 cedes,
432 418 482 479 alii
506 418 709 496 belligerando
733 427 864 480 manent.

198 504 283 566 Hosti
305 522 358 564 rex
379 500 499 583 reputat
521 503 658 563 vitiosum
683 503 800 564 tradere
823 504 932 574 natam,

242 589 299 660 Qui
321 607 402 649 nuno
425 594 470 648 est
492 587 595 651 bostis,
620 605 686 648 oras
708 590 766 648 erit
788 587 839 647 ille
861 589 972 666 gener?

199 674 232 735 Si
255 674 336 742 lueis,
361 680 394 733 ut
416 673 509 734 Danai
531 671 691 742 discedant,
716 671 828 750 proelia
851 673 975 742 solvant,

242 759 349 819 Pacem
372 764 559 836 perpetuent,
584 774 647 816 rem
671 764 721 817 tua
745 763 810 817 vota
832 759 941 818 serent.

315 891 491 959 rumonus
509 901 717 957 nrssunour
735 902 880 959 Poruno
899 903 1058 961 sunnon.

201 1009 318 1071 Pelides
341 1009 451 1090 populo
475 1009 512 1069 de
536 1017 636 1070 cetero
659 1008 737 1070 bella
760 1009 911 1078 molestam

242 1094 383 1156 Nostrum
407 1101 533 1173 tempus,
560 1096 611 1163 ait,
635 1092 747 1173 absque
770 1095 871 1173 quiete
893 1103 984 1156 meat.

200 1179 353 1240 Interdum
376 1177 481 1256 vulgus
503 1184 617 1238 rectum
641 1176 728 1246 videt,
752 1195 823 1240 eece
846 1179 959 1240 videtis

131 1260 136 1273 '
243 1261 384 1324 Hostibus
407 1262 525 1323 assidue
547 1260 623 1323 lassa
646 1262 725 1342 quod
748 1281 800 1324 ora
824 1263 910 1326 datis.

202 1349 342 1428 Europae
365 1349 409 1410 uis
432 1354 461 1406 et
483 1347 569 1407 Asiae
592 1345 798 1424 glomerantur
821 1350 851 1408 in
874 1365 966 1409 unum

243 1432 426 1493 Alterutrum
450 1431 532 1492 diras
553 1431 737 1510 experiendo
760 1450 881 1502 manus;

201 1519 295 1579 lmmo
319 1534 388 1577 suas
410 1518 489 1577 vires
513 1522 588 1576 totas
611 1517 783 1594 expendere
804 1524 885 1577 totus

244 1601 376 1662 lntendit
397 1601 536 1670 muudus,
560 1617 648 1660 nemo
671 1603 728 1661 soit
749 1600 828 1661 unde
849 1600 926 1662 loon.

202 1687 260 1748 Sed
283 1684 389 1745 mulier
412 1684 474 1745 sola
497 1683 606 1744 lasciva
629 1683 744 1762 pudore
765 1683 871 1746 relicto
938 1759 941 1764 ,

244 1767 326 1838 Quae
345 1768 433 1848 jacet,
458 1776 503 1830 est
525 1768 598 1829 tanti
620 1769 710 1829 noxia
732 1787 822 1830 causa
845 1770 926 1831 mali.

201 1855 335 1933 Inguinis
358 1861 388 1914 et
411 1855 526 1931 eapitis,
550 1870 625 1932 quae
648 1862 717 1914 sunt
739 1853 922 1923 discrimina,
946 1854 1050 1922 nescit,

245 1940 380 1999 Attamen
403 1937 485 1998 orbis
507 1955 582 2006 eam,
606 1938 645 1997 sit
667 1938 751 2014 quasi
772 1947 883 2013 saneta,
908 1937 988 1998 colit.

202 2023 267 2084 Non
292 2022 362 2082 colit
384 2020 467 2082 orbis
490 2038 564 2090 eam,
587 2039 664 2101 quae
686 2029 786 2101 spreta
809 2029 906 2084 morte
930 2022 1059 2087 vicissim

246 2105 327 2166 lllius
350 2106 380 2164 in
403 2105 520 2166 laudem
544 2112 639 2170 certat
660 2107 737 2166 inire
760 2108 885 2167 necem?

204 2189 292 2268 Cujus
315 2191 344 2250 in
369 2189 515 2252 adulterio
538 2190 711 2252 famulantia
733 2199 842 2269 quanta
867 2190 1033 2252 dederunt?

246 2276 285 2337 Se
307 2292 411 2336 saevae
434 2276 526 2335 morti
548 2274 639 2335 millia
662 2283 770 2355 quanta
795 2274 921 2336 dabant?

203 2361 343 2421 Venimus
365 2358 424 2420 buo
447 2359 524 2430 ideo,
549 2362 658 2420 misere
680 2361 845 2420 moriamur
867 2369 901 2421 ut
923 2377 1037 2439 omnes,

245 2446 300 2506 Vix
323 2440 410 2505 tellus
433 2444 530 2521 ampla
553 2443 659 2524 luuega
682 2451 773 2506 strata
798 2447 886 2524 capit.

202 2530 322 2607 Pauper
344 2534 376 2587 ut
398 2528 447 2589 bie
470 2528 613 2606 Phrygias
634 2527 768 2605 implevit
789 2531 870 2590 natio
890 2531 995 2597 fossas,

245 2613 299 2672 Vix
322 2611 460 2672 Priamus
482 2615 557 2673 tanti
582 2619 701 2689 totaque
723 2611 813 2690 Troja
835 2612 899 2673 luit.

203 2695 340 2758 Exilione
364 2698 473 2774 premit
496 2714 551 2757 nos
573 2695 709 2756 Dardana
731 2695 819 2772 gleba
841 2696 1000 2775 protervo?

247 2781 369 2841 Intravit
391 2790 509 2842 nostros
532 2778 658 2841 barbara
681 2779 769 2840 turba
791 2779 889 2848 lares?

204 2866 241 2926 Et
262 2867 371 2926 mirum
395 2865 473 2946 quod
499 2873 558 2926 tam
581 2863 719 2925 vilissima
742 2867 832 2926 traxit
854 2865 995 2926 honestos

247 2949 291 3010 Ad
314 2957 375 3010 tarn
399 2948 554 3011 mortifera
578 2947 690 3028 proelia
715 2967 801 3011 causa
824 2951 912 3010 viros.

206 3035 247 3103 Si,
272 3028 349 3094 siout
370 3037 452 3112 oepit
474 3033 544 3094 belli
566 3034 660 3109 furor,
683 3036 850 3096 irrevocato

248 3119 344 3180 Cursu
368 3119 515 3188 saevierit,
539 3137 627 3179 nemo
650 3125 801 3197 superstes
824 3120 890 3179 erit.

204 3203 268 3263 Hoc
291 3203 364 3264 socii
386 3201 520 3263 volumus
542 3204 666 3263 mactari
690 3209 822 3280 tempore
845 3201 973 3281 quanto?

247 3286 375 3348 Vulnera
399 3305 483 3348 saeva
506 3288 578 3367 pati,
601 3286 721 3346 tradere
743 3285 817 3346 oolla
840 3287 928 3347 neci?

203 3373 252 3436 lle
275 3370 346 3432 belli
368 3372 449 3450 piget
472 3373 567 3440 istius
591 3371 728 3432 desidero
750 3389 863 3450 paoem,

225 3455 322 3534 4Cum
346 3454 426 3516 velut
448 3455 486 3515 ob
510 3457 625 3534 nigram
649 3457 707 3517 sint
730 3473 763 3517 ea
787 3454 863 3516 bella
885 3454 993 3516 fabam.
