2574 3976
454 191 515 238 Lib.
535 189 567 240 V.
596 206 624 239 v.
645 191 786 242 tor-138.

138 341 272 405 illorihus
295 338 444 410 lrurnorcs,
468 358 568 402 mores
590 339 767 403 humoribus
789 345 849 422 apti

182 425 295 486 indicio
318 424 431 504 physici
456 424 656 486 discutiuntur
678 426 754 486 ihi:·

139 511 247 574 Pulsus
270 520 299 569 et
321 511 416 570 urirra.
450 509 582 570 Primum
605 529 677 587 ergo
700 511 802 571 docira
825 513 959 592 requirit,

180 595 255 667 Quid
278 603 383 655 natura
407 593 473 653 mali
497 597 616 670 cogitet,
642 594 690 654 illa
714 593 785 656 duo.
1053 608 1102 656 110

139 681 183 742 ad
207 683 281 740 fines
303 679 430 739 transire
453 679 527 738 duos
549 680 693 757 sapientia
716 680 813 741 fertur

183 765 221 826 Ut
243 765 282 824 sit
303 761 392 823 homo
415 780 504 822 sanus
526 780 663 842 corpore,
686 771 786 824 mente
808 765 898 825 scius.

141 849 215 909 ilinc
238 846 383 924 estquod
406 847 524 926 physica
549 846 585 906 de
608 857 722 926 septem
745 865 803 907 non
827 851 885 909 erit
908 866 974 918 una,

183 933 241 993 Sed
264 931 461 992 subdividitur
482 931 552 992 hinc
574 933 666 1010 vigor,
690 932 758 992 inde
781 929 872 994 valor.
1054 989 1057 993 .

140 1019 179 1078 Se
200 1023 279 1076 rotat
301 1019 330 1075 in
355 1016 453 1077 medio
476 1015 611 1077 fortunae
632 1015 712 1086 luna,
736 1019 887 1093 increscit,
1054 1029 1102 1077 115

183 1101 333 1162 llccrcscit
354 1103 452 1161 varias
474 1099 668 1162 orbiculando
692 1104 781 1165 vices.

137 1187 253 1262 Regnat
273 1184 448 1254 Alexander,
472 1185 579 1246 ilarius
602 1186 743 1262 regnavit,
766 1188 797 1245 in
819 1187 879 1247 imo

180 1270 331 1331 Balthasar
354 1278 399 1331 est
420 1271 542 1348 positus,
566 1273 662 1347 surgit
684 1270 721 1330 ad
743 1279 820 1331 astra
844 1270 945 1349 Cyrus.

139 1352 308 1433 Philosophi
332 1354 484 1414 calcantur
506 1355 556 1423 ihi,
580 1356 713 1415 calcatur
736 1353 883 1423 honestas.

181 1439 328 1500 Virtutum
351 1438 613 1517 videasquattuor
635 1439 678 1498 ire
701 1440 771 1498 vias.

138 1522 268 1585 Solvitur
290 1524 320 1582 in
343 1525 447 1592 risum,
469 1529 569 1584 tamen
593 1524 726 1584 insinuat
748 1523 811 1583 sine
833 1524 898 1583 risu

77 1612 80 1617 '
181 1611 276 1672 Seria.
301 1608 379 1682 quod
403 1609 497 1686 prope
519 1626 552 1666 se
576 1608 657 1684 virgo
679 1615 779 1686 tapete
801 1606 889 1666 ridet.

138 1692 206 1752 Sola
230 1700 288 1752 stat
309 1694 341 1752 in
364 1699 464 1752 monte
487 1692 636 1768 carpendo
658 1692 751 1751 vireta
774 1689 886 1768 capella

181 1777 220 1838 Ex
244 1777 395 1854 inproviso
418 1775 591 1855 prosiliente
614 1775 695 1854 lupo.

138 1861 184 1922 'l'u
207 1878 266 1940 quo
286 1857 354 1939 jure
375 1878 450 1929 mca,
474 1859 563 1939 lupus
585 1861 689 1939 iuquit,
712 1878 819 1940 pascua
843 1858 978 1920 mordes?
1088 1872 1099 1898 ··

126 1994 130 1998 .
180 1946 275 2007 Crede
297 1944 379 2014 mihi,
403 1947 461 2006 ieci
485 1947 599 2005 nescia:
624 1963 712 2024 capra
735 1946 838 2005 refert.

138 2033 175 2092 dt
198 2030 285 2110 lupus
307 2032 455 2090 intonuit:
479 2029 587 2089 reddes
609 2029 740 2089 convivia
763 2027 855 2108 pelle;

183 2115 265 2176 Unde
288 2112 363 2174 levat
384 2114 458 2174 tales
481 2113 553 2175 haec
577 2113 770 2175 tremebunda
792 2131 912 2193 preces:

138 2199 332 2260 Praesentem
356 2207 481 2259 mortem
506 2200 604 2258 missis
626 2196 757 2258 concede
779 2198 906 2267 duabus,

180 2283 242 2344 Una
265 2283 329 2349 tihi.
354 2281 487 2343 domine!
511 2286 606 2361 prosit
628 2290 658 2342 et
681 2299 738 2342 una
763 2282 846 2342 mihi.

138 2367 205 2437 Fac,
229 2370 280 2427 ait,
310 2366 361 2426 llla
385 2368 464 2427 canit
487 2365 578 2428 altum
601 2366 740 2444 diapente
763 2370 931 2444 capricans;

180 2452 269 2512 :llicit
289 2450 389 2530 opilio,
412 2449 579 2529 prosiluere
601 2466 699 2510 canes.

138 2535 191 2596 Cui
215 2534 302 2615 lupus
325 2535 492 2612 aullugiens
515 2540 634 2612 poteras
656 2533 771 2612 legisse,
796 2534 940 2602 canebas:

169 2620 244 2681 ‘Non
268 2620 339 2680 mihi
361 2620 413 2680 sed
437 2627 540 2680 cantus
562 2619 673 2698 proluit
695 2618 744 2678 illc
768 2618 830 2679 tihi.

139 2705 208 2765 Plus
231 2705 280 2765 alii
304 2723 357 2783 pro
380 2712 410 2764 te
433 2722 520 2784 quam
544 2712 575 2764 tu
597 2703 653 2765 tibi
676 2705 799 2764 credere
823 2704 894 2768 noli.

180 2789 236 2860 Qui
259 2788 314 2850 tihi
337 2788 484 2856 dormitat,
508 2790 563 2849 scit
586 2789 709 2867 vigilare
732 2788 799 2848 sihi.

137 2874 228 2943 hliuni,
252 2872 421 2941 mendaces,
445 2871 620 2940 balatrones.
645 2874 701 2933 hoc
724 2889 816 2949 genus
839 2891 927 2934 omne

180 2958 298 3019 Ludunt
323 2960 356 3018 in
376 2957 453 3024 talis,
478 2956 620 3035 amphora
645 2959 741 3018 cincta
765 2957 868 3034 ciphis.

140 3122 158 3126 ..
168 3119 340 3127 .-—---—.

206 3211 263 3264 117.
281 3208 390 3276 Margo:
420 3211 458 3261 Hi
487 3215 624 3277 ponuntur
650 3225 705 3261 nou
730 3210 796 3274 quia
818 3216 882 3260 ante
906 3214 1031 3276 tempora
1050 3210 1101 3262 illa

136 3277 256 3340 fuerint,
286 3276 334 3327 sed
362 3280 428 3342 quie
455 3279 554 3342 gennit
584 3278 791 3328 similitudinem
810 3278 925 3328 aliorum
949 3285 977 3328 et
993 3279 1100 3333 talium.

87 3389 91 3395 .
137 3345 195 3394 136.
213 3348 300 3395 Anon.
318 3345 414 3396 Nerei.
434 3363 459 3412 p.
478 3348 528 3397 om
546 3346 594 3396 lin.
616 3347 657 3396 ll.
728 3347 785 3396 137.
805 3345 916 3396 Horatii
935 3361 1014 3401 serm.
1031 3347 1054 3409 1,
1074 3349 1098 3406 2,

135 3415 161 3475 3,
180 3411 228 3462 ubi
246 3416 339 3462 tamen
356 3414 462 3469 mimae.
534 3416 590 3467 138.
617 3413 733 3466 Sensus:
752 3412 779 3462 hi
798 3413 905 3478 ludunt,
926 3415 1034 3464 interea
1054 3414 1102 3464 ed-

137 3484 265 3544 portetur
283 3480 417 3545 amphora
441 3481 554 3546 scyphis
576 3481 677 3531 cincta.
