2592 3978
441 196 502 248 nto.
520 197 543 250 1.
579 210 604 246 v.
623 197 767 248 auo-oro.
1047 195 1089 262 33

118 353 181 411 Aut
203 366 258 426 ego
280 354 455 428 perpetuam
478 347 585 411 lamam
607 349 670 408 siue
691 347 758 408 labe
780 345 899 420 tenebo,
1039 359 1090 410 660

166 438 224 494 Aut
245 450 302 510 ego
325 441 354 493 te
377 433 590 512 potiusquam
613 440 661 492 tua
683 431 758 492 dona
782 449 900 510 sequar.

120 517 230 578 Desine
253 516 351 585 molle,
375 533 493 595 precor,
519 516 619 576 verbis
640 516 807 578 convellere
829 527 949 597 peetus:
979 515 980 520 ’

164 601 226 663 Nee
248 600 377 679 spolium
400 602 495 660 nostri
518 607 605 679 turpe
626 601 750 679 pudoris
772 600 857 664 habe.

123 683 209 754 Quod
232 687 310 764 petis
332 684 389 746 lroc
412 687 517 746 faciam
540 687 637 764 posito
659 687 787 746 fortasse
808 685 924 764 pudore
947 755 949 761 ,

164 769 202 829 Et
224 769 301 829 dabo
323 773 497 830 coniunctas
520 780 654 848 tempore
677 771 751 830 vieta
773 789 893 840 rnaous;
1024 779 1087 850 ,656

121 853 181 914 Sed
203 861 301 913 vatum
325 856 455 914 monitus
476 856 567 914 timeo
590 864 665 932 quos
687 857 756 930 igne
779 854 902 933 Pelasgo

165 937 241 998 llion
264 955 402 998 arsurum
425 941 651 1018 praemonuisse
675 937 784 1002 lerunt.

121 1020 184 1083 Nec
209 1021 321 1091 dubito,
345 1025 417 1103 quin
441 1031 480 1090 te,
504 1024 529 1081 si
552 1039 725 1099 prosequar,
748 1040 829 1084 arma
853 1030 1030 1103 sequanturz

163 1104 222 1168 lbit
243 1124 299 1185 per
313 1107 434 1183 ¹gladios
457 1107 516 1182 (hei
538 1107 621 1184 milri)
646 1115 746 1176 noster
768 1125 862 1168 amor.

121 1188 154 1249 Si
176 1189 213 1250 de
237 1198 265 1250 te
288 1199 376 1260 totus,
400 1192 439 1251 ait
461 1192 519 1259 hic,
542 1191 731 1274 contenderit
753 1190 844 1261 urbia,
1036 1202 1086 1252 666

162 1274 278 1335 Nomen
301 1275 337 1335 ab
361 1285 480 1336 aeterna
503 1277 676 1353 posteritate
699 1277 788 1336 teres.
836 1345 837 1350 η

121 1357 216 1434 Finge
238 1368 347 1430 tamen,
370 1362 396 1419 si
418 1361 470 1428 vis,
493 1361 598 1435 ingens
620 1377 802 1436 consurgere
825 1358 950 1428 bellum;

163 1442 200 1503 Et
221 1444 293 1503 milti
315 1451 385 1504 sunt
407 1447 486 1503 vires
508 1450 538 1503 et
560 1459 625 1502 mea
648 1443 705 1504 tela
729 1453 847 1504 nocent.

117 1525 183 1587 Nec
206 1531 303 1587 minor
326 1536 372 1587 est
393 1531 488 1597 Asiae,
512 1547 599 1606 quam
623 1538 738 1587 vestrae
761 1531 846 1607 eopia
869 1536 981 1596 terrae;

162 1610 215 1670 llla
237 1614 309 1672 viris
332 1612 421 1681 dives,
446 1612 526 1672 dives
549 1611 680 1672 abundat
701 1615 796 1692 equis
1036 1623 1085 1674 666

120 1694 182 1755 Nec
205 1693 272 1772 plus
294 1696 412 1757 Atrides
435 1699 526 1756 animi
549 1697 701 1756 Menelaus
724 1695 863 1765 habebit„

162 1777 257 1848 Quam
280 1779 375 1847 Paris;
399 1789 449 1840 aut
471 1781 562 1841 armis
585 1780 793 1840 anteferendus
816 1783 869 1841 eia.

120 1861 296 1941 Opportuna
319 1868 379 1925 suis
401 1873 574 1925 statuuntur
595 1874 729 1940 tempora
753 1867 829 1925 votis

163 1946 200 2006 lli
222 1947 289 2008 duo.
335 1947 429 2018 Quam
451 1950 554 2026 longas
576 1949 621 2008 sol
644 1948 734 2008 trabit
754 1948 804 2008 ille
827 1948 903 2009 diesi

119 2031 238 2091 Mandat
259 2030 425 2092 Alexander
448 2031 605 2094 naucleros
627 2051 692 2094 esse
715 2041 835 2112 paratos
1035 2045 1084 2094 oto

161 2115 283 2182 Taliter,
306 2124 339 2176 ut
361 2125 482 2196 possent
504 2118 620 2178 solvere
644 2126 731 2177 noete
752 2126 841 2179 rates.

5 2231 10 2240 ·
119 2199 261 2260 Militibus
280 2197 367 2277 jubet
389 2208 422 2260 ut
443 2199 585 2262 Helenam
607 2200 752 2261 violenter
774 2201 908 2263 abactam

161 2283 204 2344 De
226 2284 294 2343 iano
317 2286 445 2362 rapiant,
469 2288 499 2346 iu
523 2285 738 2365 Phrygiamque
762 2287 878 2346 rebant.

118 2366 267 2428 Audacem
288 2367 416 2429 iaciebat
437 2388 531 2439 amor,
553 2373 712 2429 temeraria
734 2371 828 2430 virtus
935 2380 939 2384 “

162 2451 257 2530 Saepe
279 2451 335 2513 sub
359 2456 482 2531 ancipiti
504 2453 611 2529 gaudia
634 2460 715 2513 sorte
738 2453 814 2515 tulit.
1030 2465 1080 2514 675

118 2535 233 2596 lucauti
256 2554 293 2596 ne
316 2539 390 2605 sitis,
414 2539 463 2608 ait,
488 2555 541 2597 nos
564 2539 661 2597 omnia
684 2547 784 2598 nostra

160 2619 323 2700 Tamquam
346 2639 503 2682 mansuros
526 2622 710 2701 disposuisse·
727 2623 826 2684 velim:

118 2703 149 2781 Si
171 2703 243 2764 latet
264 2723 322 2774 are,
346 2706 477 2784 prodest,
501 2707 586 2767 aliert
607 2705 752 2786 deprensa
776 2706 929 2786 pudorem,

117 2856 319 2864 -—-----.----¹<

187 2939 246 2989 656.
266 2941 306 2989 51.
326 2939 405 2994 Ouid.
428 2940 495 2990 Her.
513 2939 607 2995 XVII.
626 2942 668 2994 69.
687 2942 728 2992 to.
806 2943 864 2993 652.
881 2943 923 2992 53.
943 2942 995 2993 Ov.
1015 2944 1081 2997 Her.

119 3005 206 3069 XVII,
228 3007 284 3056 111.
304 3009 362 3057 114.
415 3009 474 3058 654.
493 3008 534 3059 55.
553 3007 632 3058 Ovid.
650 3009 716 3060 Her.
734 3008 821 3070 XVII,
841 3011 898 3060 259.
918 3009 977 3063 260.
1023 3013 1082 3065 656.

117 3075 158 3125 57.
177 3071 227 3126 Ov.
245 3073 312 3129 Her.
332 3073 423 3137 XVII,
442 3076 501 3126 239.
520 3076 578 3126 ato.
630 3076 687 3126 658.
706 3077 747 3126 59.
769 3077 821 3127 Ov.
833 3077 898 3131 Her,
916 3075 1004 3139 XVII,
1022 3081 1081 3130 245.

118 3141 174 3190 246.
239 3143 297 3196 669,
316 3140 383 3191 Ood.
402 3141 517 3206 glacies.
586 3144 643 3194 660.
661 3145 701 3193 61.
721 3144 771 3197 Ov.
791 3145 857 3195 Her.
875 3144 947 3206 XVl,
966 3146 1016 3197 379
1038 3148 1081 3201 74.

118 3206 183 3256 Cod.
203 3211 292 3271 tutus,
310 3214 402 3258 tamen
421 3210 636 3274 superscriptum
654 3216 697 3261 est
714 3215 797 3262 totus.
853 3214 980 3262 662-67.
1001 3211 1081 3264 Ovid.

117 3274 183 3326 Iler.
211 3275 289 3338 XVI,
315 3277 458 3330 351-356.
544 3279 602 3332 669,
632 3280 661 3326 in
692 3279 815 3342 margine
842 3279 980 3330 scholion:
1012 3281 1082 3331 desi·

117 3341 228 3392 derunti
250 3345 313 3407 ipsa
335 3343 464 3394 celeritas
487 3351 638 3409 moreest.
723 3347 782 3400 674.
807 3346 857 3400 Ov.
876 3347 943 3396 Met.
966 3348 1014 3409 IV,
1036 3350 1078 3400 96.

116 3411 249 3460 audacem
275 3410 398 3461 iaciebat
424 3426 508 3462 amor.
536 3412 603 3460 ibid.
633 3411 709 3474 VIII,
732 3415 782 3465 tot
812 3416 960 3464 temerarie
982 3417 1080 3469 virtus.

116 3478 174 3527 676.
193 3475 273 3528 Ouid.
291 3481 343 3530 Ars
362 3493 415 3533 am.
435 3479 471 3542 11,
490 3479 547 3533 313.

166 3556 259 3600 Troilus.
847 3563 877 3614 q
908 3551 911 3556 ¹
