2592 3978
542 203 695 256 Praefatio.
1063 216 1103 264 χι

137 360 234 502 {usius
263 365 290 417 et
316 355 460 437 prolixius
488 356 524 416 de
548 355 745 418 Amazonibus
771 356 935 470 secundum
964 355 1101 417 Orosium

151 444 290 522 oquitur:
925 475 927 482 ι

161 543 247 613 .,Νοιι
270 559 354 603 meus
375 541 425 602 bic
446 559 554 618 sermo,
577 549 703 602 testatur
725 541 848 602 Orosius
869 542 934 610 ista,

204 625 294 706 Cujus
316 625 427 687 babent
449 627 567 704 plenam
590 625 705 704 singula
727 623 818 684 verba
842 624 961 685 iidem‘.

229 744 272 804 iie
294 741 483 804 Penthesiiae
505 753 644 814 sornatu,
673 742 769 803 iorma
797 751 826 804 et
853 743 963 818 figura,
992 740 1103 820 majore

141 835 175 890 ut
196 828 312 888 videtur
334 827 441 905 gaudio
465 835 494 886 et
516 827 606 897 tudio,
631 844 719 908 quam
742 825 853 887 cierico
873 843 927 906 par
943 833 998 896 est,
1022 832 1052 885 et
1066 825 1102 885 de

144 911 358 974 festivitatibus
396 914 426 971 in
464 910 610 972 bonorem
654 913 777 989 reginae
815 909 963 990 ioquitur,
1004 909 1103 970 auiaea

142 995 287 1058 describit
309 1007 338 1056 et
360 997 391 1054 in
413 995 473 1056 iiiis
496 999 666 1056 universum
694 993 774 1056 iliius
800 995 944 1072 temporis
965 993 1104 1056 scientia·

143 1099 210 1141 rum
239 1079 382 1140 ambitum
413 1081 606 1159 interspersis
635 1078 742 1140 iabuiis
771 1085 800 1139 et
827 1078 957 1139 historiis
980 1078 1015 1139 ad
1038 1078 1104 1137 iiiu-

144 1167 317 1225 strationem
340 1163 467 1224 idoneis.
511 1163 665 1225 Aibertum
687 1165 779 1242 igitur
802 1160 915 1223 nullum
937 1161 1026 1222 alium
1048 1161 1105 1222 iia·

143 1258 238 1308 retem
261 1255 395 1308 secutum
418 1266 492 1316 esse,
517 1266 604 1326 quam
629 1265 717 1328 quem
733 1264 813 1308 nunc
828 1245 973 1307 babemus
989 1257 1018 1308 et
1033 1263 1104 1324 pau-

147 1351 197 1393 cas
219 1339 332 1404 tanturn
354 1333 551 1410 interspersas
573 1334 760 1393 narrationes
776 1347 814 1391 ex·
827 1329 894 1390 aliis
909 1328 1106 1408 scriptoribus

141 1427 174 1476 ut
198 1413 319 1487 Orosio,
355 1414 460 1476 Ouidio
494 1415 663 1495 depromtas
691 1434 758 1476 esse
786 1413 1022 1477 concludendum
1051 1420 1105 1474 cst.
1158 1414 1162 1422 '

142 1499 277 1577 Kortiing
301 1501 412 1579 (Dictys
433 1499 494 1560 und
517 1495 717 1577 iiares1874)
735 1498 929 1560 Benedictum
945 1499 981 1558 de
997 1498 1106 1558 Sancto

142 1584 244 1645 Mauro
274 1581 390 1663 (Benoit
413 1582 449 1644 de
472 1584 516 1644 St.
539 1582 651 1663 Maure)
666 1590 798 1662 'poetam
828 1581 973 1644 Gallicum
1003 1589 1106 1643 nostro

144 1667 264 1728 biberto
286 1685 380 1746 paene
402 1666 555 1747 aequalem
578 1668 635 1729 aiio
658 1668 786 1748 quodam
809 1667 916 1728 Darete
938 1668 1033 1746 magis
1056 1683 1106 1726 ex·

145 1762 230 1813 tenso
262 1754 294 1812 in
326 1755 457 1812 carmine
490 1771 544 1814 suo
577 1753 613 1813 de
646 1751 725 1812 beiio
758 1751 888 1830 TroJ'ano
919 1767 1006 1811 usum
1040 1767 1106 1810 esse

144 1838 302 1898 existimat.
347 1837 441 1897 Nimis
474 1836 624 1898 credimus
657 1837 883 1915 perspicaciter;
915 1852 984 1897 nam
1017 1837 1107 1894 etiam

144 1928 244 1982 noster
271 1921 420 2000 supplevit
452 1939 527 2000 quae
558 1920 661 1982 deesse
693 1919 885 1990 videbantur,
913 1925 1106 1998 quapropter,

145 2023 214 2065 cunr
243 2005 333 2066 simili
361 2005 451 2066 modo
478 2004 657 2066 Benedictus
681 2005 776 2082 egisse
796 2003 948 2078 uideatur,
979 2021 1013 2063 ea
1036 2019 1105 2062 con·

142 2088 258 2168 jectura
281 2107 340 2150 non
364 2107 439 2169 opus
462 2098 515 2159 est,
539 2097 573 2150 ut
594 2097 624 2150 et
639 2089 816 2151 novissimus
830 2088 986 2149 Benedicti
1000 2087 1105 2154 editor,

144 2171 211 2252 Joip
245 2192 309 2234 eam
342 2181 471 2252 reputat.
523 2173 587 2234 Duo
615 2180 732 2235 exstant
766 2172 884 2234 codices
914 2171 1107 2249 manuscripti

145 2256 251 2317 Graeci
280 2257 316 2316 de
345 2255 423 2316 beiio
451 2256 595 2337 Trojano,
631 2257 683 2335 qui
711 2275 779 2318 cunr
809 2255 915 2317 Darcte
944 2256 1107 2318 cohaerere

144 2340 281 2401 videntur
310 2342 361 2402 sed
388 2343 481 2409 iuiso
508 2359 576 2402 nanr
605 2341 677 2402 Cod.
704 2340 797 2400 Paris.
824 2341 894 2400 oiim
916 2335 1000 2400 3352
1028 2355 1107 2398 nunc

148 2421 260 2485 7878
253 2443 284 2485 ιιι
306 2422 330 2498 4
351 2427 483 2486 continet
504 2428 672 2487 versionem
697 2425 838 2486 Graecam
861 2422 931 2485 iibri
952 2423 1050 2500 gaiiici
1071 2421 1107 2481 de

149 2509 268 2569 excidio
290 2495 397 2588 Trojae
413 2510 536 2587 (Roman
560 2506 638 2568 deia
661 2507 845 2568 destruction
868 2510 905 2569 de
921 2508 1028 2586 Troye.
1053 2505 1107 2568 cir.

147 2593 222 2652 iiist.
251 2592 308 2653 litt.
337 2594 374 2654 dc
401 2595 516 2656 Trance
551 2592 583 2653 T.
612 2590 679 2652 Xiii
707 2611 738 2670 p.
766 2587 830 2653 423
851 2593 925 2672 sqq.)
951 2602 983 2653 et
1010 2590 1108 2652 Codex

146 2675 334 2737 Vindobonn.
377 2677 542 2755 (Lambecc.
577 2676 730 2738 CCXCVII.
754 2675 858 2737 Nessel
884 2675 1028 2751 CCXLiV)
1056 2672 1108 2735 iol.

145 2756 317 2838 sco-324
339 2780 459 2822 carmen
483 2755 670 2824 Graecum‘
651 2780 671 2840 q
702 2757 843 2838 Τρωάδα
867 2768 898 2821 ut
919 2761 1006 2820 docet
1021 2759 1108 2837 Wag-

147 2862 203 2904 ner
235 2847 266 2904 in
299 2846 483 2924 praefatione
513 2848 678 2906 carminum
707 2846 891 2906 Graecorum
917 2844 1008 2904 medii
1035 2843 1108 2904 oevi.

146 2928 259 2989 Neuter
280 2929 411 2991 innotuit
423 2929 544 2991 biberto
567 2937 679 2998 nostro,
702 2927 786 3006 cujus
808 2932 897 2990 etiam
914 2930 1047 2988 notitiam
1064 2928 1108 2987 iu-

147 3014 189 3089 git
212 3012 335 3074 beroico
357 3023 454 3075 metro
476 3017 660 3092 compositus
683 3012 789 3081 [iares.
813 3016 864 3092 qni
887 3020 1054 3073 asservatus
1076 3014 1107 3072 in

146 3095 250 3157 codice
276 3098 404 3160 Parisin.
433 3097 494 3174 (iet.
517 3094 674 3159 8430r01
698 3095 764 3158 9-
772 3097 822 3158 ioi
848 3092 896 3173 16)
921 3092 984 3157 930
1005 3113 1107 3156 tersus

147 3181 288 3242 continet.
333 3182 449 3262 Joiyp
475 3178 535 3243 156
557 3183 688 3242 initiunt:

188 3297 348 3360 Historiam
371 3298 461 3380 Trojc
482 3301 622 3378 figmenta
644 3300 760 3380 poetica
783 3296 914 3358 turbant.

188 3383 283 3452 Unde,
307 3384 376 3447 iicet
399 3386 513 3463 magnis
535 3384 654 3445 iortuna
677 3386 715 3446 sit
738 3381 835 3443 invida
858 3384 952 3461 ceptis

189 3466 341 3548 Dignaque
363 3476 421 3530 tam
445 3469 540 3546 iongis
562 3485 621 3529 non
641 3470 680 3528 sit
701 3485 767 3529 mea
786 3464 914 3527 buccina
937 3464 1034 3540 bobis,
