2590 3984
453 169 514 221 Lib.
533 167 584 221 111.
617 182 644 218 v.
663 163 806 216 cul-448.
906 203 908 208 .

147 331 276 392 Hectora
297 332 457 388 cernentes
480 321 601 384 minime
623 317 746 398 prodire
769 311 885 390 Pelasgi

190 415 333 476 lusistunt
354 406 523 491 Phrygibus
545 405 698 483 asperiore
720 402 778 460 siti.

149 497 300 567 Aeacides
325 496 418 556 Danai
439 488 607 571 protendite
630 485 769 547 brachia!
791 482 907 548 clamat,

192 581 323 657 Velaque
347 581 396 639 dat
419 576 550 656 quamvis
572 573 686 648 remige
708 571 790 630 navis
813 573 879 635 eat;

150 668 212 730 Nec
234 673 318 727 vacat
340 667 372 724 in
395 659 473 723 bello
496 677 549 720 sua
572 656 702 723 dextera,
727 653 841 714 fortiter
863 652 927 727 ipse

193 749 334 812 Fortibus
358 746 497 813 occurrit,
521 743 636 802 lrostica
658 738 733 800 colla
756 739 849 796 metit.

153 838 186 898 lu
209 834 305 895 vultus
328 831 408 893 cadit
429 829 478 890 ille
502 845 582 894 suos,
606 825 793 900 calidumque
818 833 956 879 cruorem

197 921 256 982 Ore
279 916 377 984 vomit,
401 915 497 974 rivum
520 912 674 985 sanguinis
696 906 746 967 ille
768 904 852 964 bibit.

155 1007 211 1068 llic
234 1003 306 1071 obit.
330 1000 381 1061 hic
404 997 486 1067 obiit,
509 995 558 1055 hic
584 993 717 1073 palpitat,
742 991 792 1050 ille
815 987 950 1067 quiescit,

197 1086 351 1150 Grudescit
374 1101 505 1161 campus,
530 1079 673 1156 sanguine
695 1083 797 1136 manat
819 1073 937 1133 humus.

155 1169 329 1234 Succumbit
350 1166 479 1245 Trojana
502 1181 617 1232 manus,
643 1161 797 1240 sparsique
821 1155 914 1234 lugati

197 1253 351 1318 t’nanais
372 1252 482 1311 Teucri
506 1249 597 1308 caede
619 1263 708 1307 ruere
727 1245 823 1319 gravi.
878 1303 882 1310 ,

155 1342 308 1420 Incipiunt
331 1335 444 1398 ululare
467 1335 600 1412 Phryges
622 1333 751 1391 inlausta
773 1327 905 1393 boantes

198 1426 260 1486 lam
282 1421 337 1484 sibi
362 1419 526 1480 debuerant
549 1434 632 1495 spem
655 1415 790 1493 posuisse
812 1411 924 1486 lugam.

332 1599 393 1655 Hic
414 1593 562 1654 HECTOR
580 1593 694 1651 vnum
713 1592 764 1647 AD
783 1587 948 1646 PUGNAM.

159 1728 272 1788 lleotor
294 1732 327 1785 ut
350 1720 464 1799 accepit
486 1735 624 1781 occasum
648 1707 726 1776 bellai
748 1716 874 1776 minari

201 1807 340 1875 Troibus,
365 1806 493 1884 accingit
514 1805 646 1880 gnaviter
668 1818 740 1861 ense
762 1798 848 1860 latus.

159 1894 262 1955 Evolat
284 1895 443 1958 accinctus,
467 1890 647 1967 veniensque
670 1884 765 1945 leonis
788 1882 823 1944 ad
846 1885 940 1943 instar

202 1979 234 2039 ln
258 1976 328 2038 belli
353 1974 452 2034 medio
474 1971 615 2035 lulminat
637 1988 707 2030 ense
731 1970 810 2036 lero:

158 2063 291 2124 Perculit
313 2069 341 2120 et
364 2065 471 2120 mactat
494 2066 523 2118 et
545 2057 689 2132 sanguine
711 2053 835 2114 volnera
858 2050 951 2120 laxat;

203 2147 297 2214 Potio,
322 2162 410 2223 quam
434 2145 548 2211 miscet,
572 2139 677 2220 pocula
701 2139 804 2199 mortis
826 2136 926 2198 habet.

161 2231 307 2308 Principis
330 2228 456 2288 adventu
479 2227 636 2287 redierunt
659 2224 748 2284 corda
771 2224 912 2288 virorum,

204 2316 255 2376 Est
276 2317 307 2374 in
331 2320 394 2372 rein
418 2328 534 2392 pugnae
558 2327 626 2388 spes
647 2310 756 2367 variata
780 2305 882 2383 fugae.

162 2398 281 2462 Prosilit
303 2397 448 2457 illustrem
471 2396 554 2455 ferus
576 2393 686 2453 Hector
707 2393 738 2451 in
761 2390 963 2458 ldomenmm,

206 2482 320 2561 llejioit,
345 2479 506 2540 obtruncat
528 2487 558 2536 et
580 2477 655 2554 pede
679 2476 771 2536 calcat
795 2492 872 2535 eum.

114 2604 118 2611 -
162 2567 284 2648 lphidus
306 2565 455 2626 Hectoreo
477 2565 510 2623 fit
531 2563 647 2621 saucius
671 2578 758 2630 ense;
782 2558 911 2619 Leonte!

205 2651 318 2719 Nescis,
342 2648 421 2728 quod
444 2645 579 2726 scapulas
602 2645 706 2706 dissuit
728 2635 777 2703 ilie
799 2642 873 2702 tibi?

164 2736 222 2797 Sed
245 2732 389 2802 Stheneli,
413 2733 498 2794 cuius
520 2729 612 2791 voluit
634 2729 807 2806 transfigere
833 2735 975 2795 ventrem,
1079 2740 1087 2755 ·

206 2818 359 2904 bilebente
382 2835 471 2878 manu
494 2816 627 2895 perforat
650 2831 721 2877 ense
743 2813 852 2876 femur.

162 2971 366 2981 ....-—-—-—

184 3107 186 3112 ,
229 3056 289 3106 429.
308 3053 428 3134 palpitat
447 3069 461 3104 e
480 3055 604 3118 margine
623 3070 684 3118 pro:
703 3055 841 3119 palmitat.
894 3056 953 3120 431.
974 3070 988 3104 e
1006 3054 1133 3120 margine·

162 3135 226 3188 pro:
246 3122 382 3203 suebubpt.
458 3123 516 3172 432.
536 3137 584 3186 pro
604 3121 691 3177 codic.
711 3121 819 3176 Trouei.
898 3124 959 3174 445.
977 3123 1064 3176 Dares
1082 3138 1128 3173 no-

162 3189 362 3308 rgnteerpegpbmoi
383 3189 477 3244 habet.
547 3191 605 3239 446.
630 3189 693 3240 Cod.
716 3191 785 3254 ipse.
854 3191 912 3241 447.
933 3190 971 3240 St.
995 3207 1044 3255 pro
1069 3189 1128 3242 cod,
