2592 3978
214 189 258 253 46
350 165 354 170 ’
529 191 590 242 nto.
608 189 645 238 11.
682 205 708 241 v.
726 190 870 239 eoa-rat.

217 342 268 403 Est
291 343 380 402 etiam
403 341 491 401 sociis
516 333 599 402 mens
621 336 826 400 irrevocabilis
850 358 907 400 una

259 425 367 486 Contra
389 423 538 503 Trojanos
561 442 641 484 arma
663 443 781 485 movere
805 443 904 485 manu.

218 509 261 571 Dc
284 527 410 570 numero
431 509 540 569 ratium
563 510 588 567 si
611 510 726 587 queris;
749 508 831 568 mille
854 510 971 570 carinas
1135 518 1191 566 205

260 593 385 654 Centum
408 592 455 653 his
478 594 570 653 denas
592 591 782 654 dinumerare
803 600 900 672 potes.

514 753 634 810 NAVES
653 754 881 812 PROCEDUNT.
1284 747 1288 854 l

218 861 381 923 Solvuntur
403 879 492 921 naves
514 880 530 920 e
553 860 661 929 littore,
684 877 789 922 vorsus
811 861 941 922 lltltenaa

258 946 292 1006 ln
313 945 421 1026 pelago
443 944 567 1022 pulchre
589 946 653 1006 vela
675 944 774 1004 volare
797 945 888 1006 vides.

217 1029 314 1091 Littus
335 1030 530 1091 Atheniacum
554 1039 709 1108 postquam
733 1031 868 1106 tetigere,
886 1029 989 1090 citatis

258 1114 292 1174 ln
316 1122 433 1174 coetum
457 1112 590 1182 ducibus,
614 1132 665 1173 rex
690 1119 894 1186 Agamemnon
916 1116 973 1174 ait:
1133 1125 1189 1173 210

216 1197 345 1277 Eloquar
367 1216 403 1257 an
427 1195 548 1257 sileam?
571 1196 676 1276 loquor
700 1205 729 1255 et
751 1201 879 1258 reticere
902 1205 1034 1259 coartor:
1288 1191 1289 1204 ¹

259 1281 395 1342 Dedecus
419 1290 464 1342 est
487 1283 606 1360 propria
629 1281 757 1360 prodere
780 1300 870 1360 saepe
893 1281 1014 1360 probra.

216 1366 370 1445 llejectum
392 1367 553 1426 neminisse
575 1367 674 1445 pudet,
698 1366 764 1445 quis
786 1366 924 1426 crederet
946 1384 1075 1445 unquam

258 1451 308 1510 Sic
329 1452 445 1512 variare
468 1467 536 1511 suas
559 1459 692 1529 tempora
716 1449 789 1512 laeta
814 1453 902 1511 vices.

216 1535 312 1612 Saepe
334 1534 408 1595 mihi
431 1534 550 1594 dubiam
574 1535 664 1595 traxit
686 1532 817 1594 sollertia
841 1542 988 1594 mentem:
1132 1545 1186 1592 215

258 1618 323 1679 Otia
345 1617 488 1680 vellemus
511 1616 556 1678 vel
577 1621 671 1695 magis
693 1635 774 1677 arma
797 1619 901 1696 sequit

217 1701 370 1772 Quaerere
393 1702 550 1763 vindictam
573 1701 619 1762 vel
641 1702 828 1762 dissimulare
849 1703 1020 1781 querelam?

256 1785 400 1847 Hostibus
422 1789 534 1847 instare
556 1785 602 1846 vel
625 1803 710 1863 mage
732 1793 836 1863 treuga
859 1787 949 1846 dare?

215 1869 287 1931 Odia
312 1869 475 1932 dissolvunt
497 1869 619 1939 animoa,
644 1870 794 1931 suadendo
817 1871 947 1947 quietem

258 1953 370 2015 Sensus
393 1962 533 2014 enervant
556 1953 759 2034 desidiamque
781 1955 890 2014 fovent.
1129 1965 1181 2013 220

214 2037 291 2110 Quid
317 2041 452 2117 sequitur
474 2036 606 2100 tolerans
629 2039 739 2117 injuria
762 2037 841 2099 nulla
864 2037 1002 2117 repulsa?
1287 1987 1291 2170 l

257 2121 410 2190 Scandala‚
431 2119 575 2198 jacturae,
599 2123 717 2191 damna,
741 2122 862 2202 pericla,
886 2125 994 2183 minae.

213 2205 298 2275 Quod
321 2204 437 2286 loquor,
461 2224 590 2267 excesu
611 2210 763 2285 praesenti
786 2209 864 2268 scire
886 2209 1020 2286 potestis,

257 2289 322 2351 Otia
346 2291 486 2351 materias
508 2290 555 2351 his
578 2291 710 2351 tribuere
733 2289 826 2351 malis,

219 2375 276 2437 Sed
301 2373 386 2435 dolus
408 2377 552 2436 intererat
575 2385 604 2436 et
626 2377 732 2452 dignus
756 2375 870 2436 vindice
892 2374 988 2434 nodus
1130 2381 1179 2432 225
1290 2367 1291 2388 ’

257 2458 349 2520 alluit
370 2461 499 2521 incautis
520 2459 681 2520 insidiosus
704 2458 801 2520 homo.

216 2542 363 2603 Ledaeam
385 2545 484 2622 rapuit
505 2544 638 2605 facturus
661 2553 726 2604 vota
752 2543 860 2604 Dianae

258 2625 372 2687 Fanum
396 2645 464 2688 cum
487 2629 576 2687 sociis
598 2626 791 2704 ingrediendo
813 2628 907 2690 Paris.

217 2710 340 2771 Devenit
361 2711 502 2788 praedam
526 2728 584 2770 non
608 2711 701 2773 Marte
724 2709 774 2770 sed
798 2719 863 2772 arte
886 2711 1020 2780 levatam,

257 2793 385 2856 Fraudis
408 2812 467 2854 non
490 2794 587 2855 laudis
610 2794 670 2855 huc
693 2793 759 2856 tulit
782 2813 864 2856 arma
885 2795 978 2856 Paris.
1120 2805 1178 2852 ,230

213 2882 299 2940 Arma
324 2878 428 2954 lugent
450 2877 560 2950 hostes,
584 2879 713 2940 reddunt
735 2882 852 2946 amissa,
875 2878 1026 2958 repeliunt

256 2963 429 3038 Segnitiem,
453 2972 594 3042 reparant
616 2963 732 3031 damna,
757 2972 880 3024 tuentur
902 2981 982 3042 opes.

213 3047 238 3108 0
259 3049 419 3123 proceres!
442 3055 540 3108 vestro
563 3049 687 3127 supplex
710 3047 821 3108 inclino
844 3045 946 3116 iavori,

255 3129 313 3194 Vos
335 3131 420 3192 video
442 3134 552 3191 nostris
574 3131 763 3192 condoluisse
786 3131 918 3208 probris;

280 3335 337 3383 211.
357 3349 392 3383 ex
408 3333 533 3397 margine
552 3347 614 3396 pro:
634 3331 757 3397 eloquor.
779 3301 905 3382 recitere.
976 3333 1035 3382 224.
1053 3348 1101 3396 pro
1119 3332 1175 3386 cod.

212 3399 310 3448 thuere
328 3416 344 3450 e
363 3400 496 3464 margine.
560 3392 618 3448 225.
647 3414 695 3462 pro
714 3398 773 3449 cod.
793 3399 878 3460 dolor,
898 3416 913 3449 a
932 3400 1065 3464 margine.
1118 3401 1174 3450 226.

213 3481 308 3532 margo
327 3467 441 3531 praebet
458 3465 593 3517 scholion:
612 3466 704 3516 Paris.
740 3467 798 3520 233.
817 3481 850 3517 ex
868 3468 990 3532 margine
1010 3481 1059 3532 pro
1077 3467 1175 3523 labori,
