2590 3984
187 173 231 238 54
504 176 566 232 515.
585 177 624 228 11.
658 192 683 229 v.
701 179 845 229 aaa-ceo.

192 329 344 390 Ennomus
366 334 397 388 et
419 327 551 408 Phorcys
573 336 604 390 et
625 328 824 408 Epistrophus
845 338 877 392 et
898 331 1066 412 Polynestis

231 411 363 492 thicus
386 419 416 472 ct
437 411 545 483 Pelias,
569 431 698 493 cumque
720 413 857 475 Thoante
880 415 988 486 bimas,
1052 464 1054 468 ,

189 496 322 577 llipheus
344 493 505 576 hchipanis
527 505 558 556 et
578 495 753 559 dlastrenus
766 501 883 573 dusius,
907 499 1003 560 audax

233 580 433 650 Ascbrander,
457 581 593 650 Cormos,
617 582 755 644 Memnon
778 590 808 644 51
829 583 1033 646 Archilochus.
1107 593 1179 643 445,

189 665 337 728 Deberem
360 683 521 745 procerum
543 669 570 727 si
592 668 714 727 nomina
736 677 843 730 cuncta
865 668 980 730 reterre

231 749 311 812 11555
334 750 413 812 15551
434 752 563 828 spatium
587 768 647 811 non
670 751 808 814 habitura
829 751 929 814 breve.

189 833 242 896 leti
265 834 382 896 diversa
405 853 438 895 se
460 833 497 896 de
518 837 643 912 regione
665 834 797 897 levantes

231 918 346 980 lntrant
368 919 405 979 ad
426 919 578 980 Priamum
601 917 678 982 bella
699 918 803 999 juvare
824 919 983 1001 Phrygum.

188 1001 311 1083 Troiani
333 1008 403 1066 sunt
424 1021 459 1064 ex
482 1003 546 1065 istis
568 1001 703 1085 plerique
725 1005 856 1077 Quirites
1105 1014 1157 1064 455

232 1087 346 1149 Cedere
369 1095 472 1165 treuga
494 1087 574 1148 leves
596 1087 707 1150 dedere
729 1097 834 1168 treuga
857 1106 970 1168 graves.

353 1233 575 1289 PALAMEDES
592 1233 713 1290 abusu
731 1235 807 1292 CUM
820 1234 990 1291 NAVIBUS.

192 1339 353 1402 Consilium
375 1347 483 1403 tractat
505 1340 604 1402 adhuc
625 1341 830 1420 Agamemnon
852 1350 882 1403 et
903 1344 982 1403 inter

146 1475 148 1477 .
234 1424 332 1502 Regni
353 1433 507 1504 magnates
529 1425 635 1488 bellica
657 1426 733 1488 tacta
757 1426 856 1488 librat.

193 1509 311 1571 luterea
334 1513 458 1571 veniens
478 1509 651 1571 Palamedes
673 1510 815 1591 Nauplion
837 1509 938 1587 proles

232 1592 293 1654 Ter
316 1592 401 1654 denis
422 1593 536 1656 ratibus
558 1611 640 1657 arma
663 1593 806 1674 cibosque
829 1595 919 1658 vehit
1104 1603 1156 1654 455

190 1676 256 1739 1155
278 1677 356 1738 55151
379 1678 494 1740 5551555
516 1679 611 1760 55155,
634 1677 765 1740 conabar
787 1679 917 1742 Athenas

234 1760 383 1831 Tendere,
407 1780 466 1823 non
490 1770 635 1840 poteram,
658 1762 743 1824 lehre
765 1763 895 1834 vetabar,
919 1766 970 1825 eit.

190 1845 275 1908 Nunc
298 1847 430 1926 quamvis
453 1847 562 1918 lentus,
586 1846 680 1910 laetus
702 1856 801 1908 tamen
824 1847 964 1918 advehor,
987 1864 1106 1908 ornnem

233 1929 328 2001 Quam
352 1931 425 1991 mihi
448 1929 593 2001 dixeritis,
617 1931 804 1993 exhibiturus
826 1951 923 2011 opem.

188 2014 265 2075 llinc
287 2022 395 2092 grates,
419 2017 620 2092 Agamemnon
643 2019 693 2086 ait,
718 2025 878 2096 nostroque
900 2015 957 2078 sub
979 2015 1057 2077 intra
1103 2022 1156 2074 455

231 2097 280 2159 Sis
302 2098 340 2160 de
361 2099 499 2160 consilio:
523 2103 622 2177 paruit
642 2097 694 2162 ille
717 2103 786 2162 viro:

216 2245 436 2303 rhamnus
453 2245 661 2303 Dissuuuu'r
677 2247 823 2303 ADITUM
841 2247 977 2303 TROIAE
994 2245 1127 2303 NOCTE.

193 2351 258 2414 Nox
280 2361 345 2414 erat
366 2361 396 2413 et
417 2362 480 2416 toto
503 2352 657 2432 fulgebant
679 2353 775 2414 sidera
798 2353 883 2415 coelo

233 2435 339 2498 Sibilat
361 2447 479 2518 optatus
500 2439 608 2519 puppis
629 2441 660 2498 in
683 2456 753 2498 arce
776 2457 876 2499 sonus.

190 2521 316 2583 Consilii
338 2540 466 2600 coepere
488 2523 562 2584 libra
587 2526 744 2592 trutinare,
768 2522 900 2584 velintne

232 2605 326 2667 Nocte
349 2605 446 2668 solnm
468 2605 575 2687 'l'rojae
599 2616 733 2685 tangere,
756 2608 818 2667 sive
841 2607 900 2668 die.
1105 2613 1156 2664 455

192 2690 322 2752 Diversis
344 2689 459 2752 diversa
481 2691 607 2770 placent,
631 2688 683 2752 sed
707 2693 813 2770 opinor
835 2690 976 2761 honestas

256 2928 316 2978 tta.
347 2929 485 2978 Ennomus
512 2932 541 2978 et
567 2925 690 2992 Phorcys
716 2943 731 2978 e
757 2927 862 2978 Dareta
888 2941 938 2992 555
960 2925 1100 2990 1151555555
1127 2929 1177 2983 51,

188 2993 321 3058 Phorcys.
356 2995 474 3046 Nomina
497 3010 642 3060 procerum
663 2995 732 3046 mire
756 2995 986 3056 551115155551,
1014 2989 1156 3054 nonnulla,

190 3076 260 3127 quae
279 3077 367 3127 neque
385 3062 457 3128 55551
468 3063 600 3114 Daretem
618 3077 708 3127 noque
726 3061 800 3127 apud
811 3061 915 3124 Dictyn
928 3061 978 3112 suh
997 3059 1052 3110 heo
1070 3060 1157 3111 forma

189 3130 377 3193 inveniuntur,
396 3129 509 3180 Pindari
526 3129 653 3180 Thebani
669 3134 747 3191 5551,
768 3129 842 3179 51551
858 3129 949 3191 Asius,
967 3143 1048 3193 quem
1064 3132 1160 3178 noster

189 3198 292 3248 husius
321 3196 451 3264 55551151.
487 3195 573 3263 (Epic.
596 3195 765 3256 vav-781).
859 3195 918 3251 451.
946 3193 1013 3246 coo.
1042 3208 1157 3260 gnuveo.

188 3265 247 3318 456.
267 3263 332 3316 Cod.
350 3280 421 3316 nom.
439 3264 563 3316 Athenis.
612 3265 672 3320 462.
698 3264 817 3328 11511555.
839 3263 919 3316 111551.
943 3263 1033 3325 Hom,
1055 3277 1081 3318 v.
1102 3263 1160 3312 110.

82 3328 91 3338 “
189 3333 248 3384 466.
267 3333 426 3385 Maximino.
444 3331 516 3397 eleg.
533 3333 557 3394 I,
576 3333 633 3384 103.

257 3398 391 3450 Diversae
409 3399 520 3450 diversa
535 3396 649 3462 juvant:
667 3414 723 3449 uon
742 3398 867 3449 omnibns
883 3399 965 3450 annis

293 3465 392 3516 Omnia
412 3466 595 3520 conveniunt:
615 3481 660 3518 555
677 3469 754 3532 priua
772 3470 847 3532 5515,
866 3469 958 3518 55551.
