2574 3976
178 219 241 284 206

181 377 213 436 Vi
236 375 421 452 tempestatis
443 375 534 433 sociis
557 371 612 432 tibi
636 373 793 434 rarificatis

223 458 274 519 Vel
296 459 395 539 rapuit
417 457 484 518 latis
506 475 560 536 per
582 457 659 518 lreta
681 458 767 536 longa
790 459 883 520 Paris.

187 543 413 623 Egrediensque
436 543 532 610 iretis,
557 559 613 620 qua
637 541 732 612 sodes,
755 552 839 622 parta
863 544 972 622 quietis
1102 552 1157 600 255

222 627 363 689 Cursibus
385 626 512 706 expletis
535 645 550 688 a
574 629 709 732 sapiente
731 629 818 704 petis,

179 712 302 791 Hospita
325 711 473 780 Cumanis,
495 709 672 790 impulsibus
695 718 759 772 acta
783 712 927 789 profanis,

222 796 324 857 Debita
347 795 483 874 Trojanis
506 797 563 856 lata
587 793 698 876 Sibylla
721 799 818 856 canis:

179 880 294 950 Quanta
317 889 422 959 parant
444 878 547 950 Rutili,
570 897 658 959 quam
680 879 775 958 gloria
798 887 900 958 surgat
921 879 991 949 Juli,

222 962 278 1032 Oui
300 982 405 1043 regum
430 963 507 1024 tituli
529 982 680 1045 regnaque
707 966 757 1044 qui
780 966 893 1046 populi.
1096 977 1152 1027 260

180 1049 259 1126 Ergo
281 1049 437 1110 damnatae
459 1065 512 1126 spe
535 1049 639 1108 firmus
661 1048 736 1110 fidus
756 1049 908 1118 Achatem,

225 1134 387 1213 Hesperiae
409 1130 485 1192 latae
508 1132 605 1193 tendis
627 1134 658 1194 in
681 1151 749 1194 arva
771 1142 847 1194 rate.
957 1181 964 1187 .

178 1216 309 1279 Plurima
332 1215 409 1278 bella
432 1219 522 1294 geris,
546 1216 601 1279 tibi
624 1226 686 1278 tum
708 1218 772 1279 loca
796 1217 895 1279 debita
918 1221 1038 1295 quaeris

222 1302 280 1362 Sed
304 1304 398 1363 lretus
421 1304 539 1381 superis
562 1301 646 1363 obvia
670 1319 805 1382 quaeque
828 1304 902 1363 terls

179 1385 299 1448 Turnus
323 1396 354 1447 ut
377 1386 471 1447 elatus
495 1385 548 1446 tibi
572 1387 630 1447 lata
654 1389 772 1465 tuisque
795 1388 925 1448 minatus
1094 1397 1149 1447 265

222 1470 369 1533 Occubuit
389 1479 508 1541 stratae,
533 1470 603 1532 dum
626 1471 703 1532 lodis
727 1489 798 1531 ense
821 1472 904 1531 latus.

182 1558 241 1619 Pro
264 1575 321 1636 qua
344 1562 475 1616 certatur
496 1555 551 1616 tibi
573 1556 656 1634 regia
678 1559 763 1634 virgo
785 1556 911 1624 dicatur,

221 1639 341 1720 Paxque
362 1641 555 1711 reformatur,
579 1639 649 1701 dum
671 1640 725 1701 tibi
748 1648 839 1722 nupta
862 1640 959 1701 datur.

181 1726 260 1787 Hine
281 1733 501 1806 processerunt,
524 1727 575 1806 qui
598 1725 721 1786 Romam
746 1727 975 1794 constituerunt,
1035 1761 1038 1767 Α

223 1810 374 1881 Quidum
399 1809 475 1870 bella
498 1817 616 1886 gerunt,
640 1809 727 1869 fortia
750 1827 885 1890 quaeque
907 1816 1017 1870 terunt.
1099 1819 1152 1871 2⁷0

178 1896 216 1956 Et
238 1893 291 1953 tibi
314 1895 452 1956 lecerunt
474 1913 581 1955 nomen
604 1893 683 1971 quod
707 1897 736 1954 in
760 1902 839 1956 astra
862 1892 1004 1964 tulerunt,

222 1979 269 2048 Ut,
293 1982 344 2059 qui
366 1982 553 2059 seripserunt
574 1980 699 2059 pristina
722 1988 814 2055 gesta,
838 1978 954 2048 leruut;

179 2063 331 2143 Romaque
356 2065 538 2140 turrigerum
561 2071 658 2142 eaput*
672 2061 754 2123 eliuit
776 2065 903 2124 maxima
928 2081 1027 2123 rorum

222 2149 295 2209 Tam
318 2147 397 2208 dono
420 2165 561 2227 superum
585 2164 672 2224 quam
695 2147 800 2208 studiis
822 2165 991 2225 procerum.

184 2233 234 2294 Sic
257 2251 292 2292 ex
314 2233 412 2293 Aenea
436 2240 577 2292 creseunt
599 2232 735 2293 Romana
757 2230 899 2311 trophaea
1097 2239 1149 2288 uto

223 2317 272 2377 Sic
295 2334 368 2395 gens
390 2316 531 2378 Romulea
555 2318 649 2394 surgit
671 2314 708 2375 ab
733 2316 885 2376 Hectorea.
