2574 3976
441 218 503 268 en.
524 219 569 270 v1.
608 234 635 289 v„
654 219 799 270 not-782.
1029 215 1091 282 193

124 369 208 442 Quod
231 369 337 450 proba,
360 369 439 448 quod
462 369 586 439 stabilis,
611 369 690 446 qnod
713 371 767 432 ties
788 377 893 450 sponte
916 367 1011 431 fidelis

167 452 283 516 Fallere
306 472 354 514 me
377 461 477 515 metuo
500 456 525 514 si
548 453 705 533 fidejussor
728 473 789 518 ero.

124 539 156 600 Si
179 539 244 618 quis
265 538 345 600 idem
368 545 478 618 sperat,
499 537 630 618 jacturas
652 557 739 617 poma
762 541 890 619 myricas

168 623 269 685 Credit
290 631 320 684 et
343 641 359 683 e
382 623 479 684 medio
501 624 624 684 flumine
646 622 732 685 motta
756 625 840 704 petit.

125 707 282 787 Nequitine
305 708 552 770 manifestatione
576 707 754 769 documenta
777 708 883 770 dedisti
1042 718 1093 766 tot>
1138 784 1142 797 Ι

170 791 239 853 Post
260 790 371 854 bellum
391 790 472 870 justo
495 792 676 854 restituenda
700 795 773 853 vino.

125 872 211 944 Quod
233 884 293 938 tom
316 874 468 937 reddenda
491 895 579 957 quom
601 876 718 938 reddita
740 887 853 939 moesta
875 876 1017 940 manebas

167 959 211 1021 nd
234 960 365 1024 Graecos
388 957 659 1032 veniens'turbida‚
682 960 758 1022 laeto
783 962 924 1041 Phryges.

16 1119 21 1126 ,
124 1045 219 1125 Impia
242 1052 324 1107 verte
346 1046 487 1124 gradum:
512 1047 614 1126 cupias
636 1045 835 1126 quodeunque
857 1064 981 1110 neeesse

168 1129 357 1208 Est;1nngni
381 1130 484 1191 mundi
507 1132 650 1208 sangnine
674 1131 760 1210 piena
783 1132 864 1192 redii
1043 1141 1093 1190 tto

123 1213 230 1275 Nonne
252 1216 406 1293 peremisti
428 1222 471 1276 tot
493 1213 585 1275 mittin
609 1216 671 1275 sote
693 1214 841 1292 maligno?

168 1298 233 1369 Quo
256 1297 348 1358 debes
370 1301 445 1359 tanti
466 1299 618 1378 sanguinii
640 1301 685 1358 ire
707 1300 777 1360 rea?

124 1381 307 1460 ingredieris
327 1384 397 1443 item
421 1383 536 1443 funesta
559 1381 665 1462 palatia
689 1381 784 1443 ctera?

171 1465 276 1526 Nonne
298 1466 378 1528 iores
401 1470 499 1546 potius
522 1466 750 1528 comminuendo
772 1467 854 1528 rota?

125 1549 208 1610 Hane
232 1568 338 1610 noxam
361 1569 434 1611 coxa
457 1551 582 1620 decoxit,
606 1569 665 1612 non
689 1559 738 1612 tun
762 1551 865 1613 dextra
1042 1563 1092 1612 tto

167 1633 230 1694 Hoc
253 1632 343 1695 decus
365 1653 380 1695 o
404 1654 470 1697 sera
493 1639 667 1715 posteritate
689 1631 780 1696 seres,

5 1842 10 1850 ’
124 1803 130 1808 -
181 1927 183 1932 Ι
288 1848 396 1918 {FATA
413 1849 664 1906 REVERSORUM
683 1849 930 1921 GRAEOORUMJ

111 1989 245 2068 iamque
269 1991 343 2050 viam
367 1987 471 2050 suodet
493 1991 612 2059 Boreas,
637 1998 668 2052 et
689 2009 763 2050 nave
785 1990 879 2052 solnta

169 2074 277 2151 Optato
299 2074 370 2134 ssatn
392 2073 516 2136 carbasa
538 2082 607 2136 nota
630 2085 744 2135 sonant.

126 2155 287 2238 Quumque
304 2157 372 2218 ,dtes
394 2161 433 2218 ita
457 2175 511 2236 per
533 2159 650 2238 aliquos
672 2165 723 2218 not
744 2176 889 2239 prospera
914 2158 1016 2222 elassis

168 2243 259 2319 Aegei
282 2241 391 2319 gaudet
412 2239 551 2304 tluotibus
573 2260 624 2304 usa
647 2245 749 2313 monis³
982 2278 985 2286 ·
1044 2254 1095 2304 teo

127 2325 279 2405 Incipiunt
301 2324 398 2404 epulis
420 2325 592 2406 levibusque
614 2344 719 2388 vacare
742 2325 903 2396 cachinnis.

172 2410 257 2470 Siout
278 2411 308 2470 in
331 2409 453 2471 exitium
476 2410 587 2488 fugerit
609 2429 697 2471 omno
719 2409 838 2473 maium.

137 2562 332 2570 ---·------

127 2645 186 2694 tot.
205 2645 246 2694 63.
264 2642 379 2710 Benign.
400 2645 490 2695 excid.
510 2643 586 2709 TroJ.
605 2647 647 2699 36.
666 2647 699 2697 36

229 2711 345 2762 Femina
362 2714 437 2763 vieto
455 2728 530 2764 mero
549 2713 620 2780 quod
637 2714 757 2764 inebriat
774 2715 850 2766 ebria
870 2731 934 2766 vero

262 2779 322 2830 Non
339 2778 400 2830 fieri
417 2796 496 2845 spero
515 2795 549 2831 no
565 2779 712 2845 fidejussor
730 2797 786 2837 ero.

127 2863 185 2913 763.
203 2863 244 2912 64.
262 2861 341 2918 ovid.
359 2865 410 2914 Are
427 2865 487 2914 Am.
506 2866 527 2928 1,
544 2868 602 2916 747.
620 2867 654 2916 48

279 2929 308 2979 Si
326 2932 387 2996 quio
405 2958 438 2967 —
456 2933 576 2995 myrinae

312 2997 425 3065 Sperat:
444 3000 518 3050 etin
536 3000 626 3051 medio
644 3001 754 3050 flumine
773 2999 857 3051 mello
875 3006 962 3065 petat.

128 3083 185 3135 776.
204 3081 308 3148 Margo.
328 3083 420 3134 Itonia
439 3082 474 3134 od
491 3083 528 3145 id,
546 3083 619 3148 qnod
638 3084 717 3135 Paris
735 3083 843 3135 dixerat
862 3084 896 3135 ad
916 3101 990 3136 enm:

330 3151 356 3201 ei
375 3149 409 3201 do
428 3139 456 3202 to
473 3155 532 3202 toto
551 3151 726 3204 contenderit
744 3152 827 3215 orbis,

329 3218 436 3276 Nomen
454 3219 489 3270 ab
508 3223 621 3269 aeterna
640 3221 806 3285 posteritate
825 3220 906 3271 seres.

128 3300 208 3364 Ovio.
227 3302 295 3352 Her.
312 3300 387 3364 XVI,
406 3304 464 3354 373.
483 3305 524 3354 74.

129 3369 184 3422 777.
204 3368 256 3420 Ov.
275 3369 343 3421 Met.
360 3369 437 3434 xm,
456 3372 514 3421 418.
533 3372 575 3424 19.

228 3437 341 3501 Iamque
360 3438 433 3488 viam
452 3438 551 3489 suadet
569 3439 691 3502 Borees;
709 3439 831 3504 flatuque
850 3438 970 3490 seeundo

229 3503 357 3555 Carbasa
374 3509 448 3557 moto
466 3511 574 3556 sonant.

123 3586 127 3596 '
178 3592 272 3636 nouus.
860 3593 891 3642 13
