2590 3984
441 179 503 234 naa.
522 179 560 234 11.
595 195 623 232 v.
641 180 786 238 aua-sao.
1059 174 1100 240 67
1184 149 1187 154 ’

135 333 296 396 Coniusum
320 332 401 393 videt
423 332 532 392 Hector
555 349 640 400 eum;
664 331 740 411 proh
764 331 902 402 dedecus,
926 331 1023 410 inquit

174 423 334 480 Aeternum
357 417 484 496 patriae!
507 433 561 476 cur
584 417 624 475 ita
647 423 730 493 terga
753 416 867 476 relersi

133 503 258 580 Magnae
280 502 400 563 virtutis
422 502 545 561 victoria
567 518 643 578 quae
666 497 823 560 mulierem
1048 507 1100 560 805

175 587 218 648 lid
241 604 296 647 nos
317 583 467 646 imbellem
490 583 583 646 multa
606 601 765 664 perarma
789 583 867 645 tulit!
955 575 961 585 ’

137 670 182 731 'lu
204 671 304 749 iaceas
325 673 358 745 in
380 685 482 730 amore
504 677 566 738 tuo,
589 685 645 730 nos
666 667 743 730 bella
766 687 934 747 sequamur,

177 755 303 836 Simque
328 752 381 815 tibi
403 751 506 831 vigiles
528 761 620 826 artus,
642 761 673 812 et
694 770 776 814 arma
799 751 864 814 tibi.

137 838 184 900 Tu
206 859 244 900 ne
265 838 435 918 puellarum
457 837 621 900 sectaberis
643 836 754 906 oscula,
778 839 855 900 sieut

177 926 278 986 Fortis
301 942 396 1003 equus
417 921 532 984 validae
554 939 675 1002 semper
697 921 833 982 adhinnit
855 940 958 1001 equae.
1050 931 1100 981 810

133 1011 168 1071 ln
192 1006 278 1070 bellis
301 1005 433 1070 imbellis
455 1007 531 1070 erisi
553 1024 609 1068 uos
630 1003 760 1069 fortibus
781 1010 882 1073 armis.

173 1094 319 1167 Forniois,
345 1098 376 1153 ut
395 1108 513 1170 pauses.
536 1088 681 1152 stabimus
701 1098 770 1152 ante
793 1091 881 1152 iores.

132 1179 191 1239 llic
214 1179 329 1239 animos
351 1173 475 1237 ostende
495 1175 675 1247 tuos,‘Mars
697 1192 757 1236 non
780 1177 921 1254 speciosis

175 1254 271 1323 ¹lmmo
294 1259 428 1322 robustis
450 1259 501 1321 dat
522 1278 575 1320 sua
597 1261 681 1336 signa
705 1261 787 1320 viris.

134 1348 267 1426 Aequius
287 1347 319 1405 in
341 1343 440 1423 gladio
463 1352 562 1406 tecum
583 1342 717 1406 turuabit
738 1343 864 1412 Atrides,
1050 1351 1101 1402 815

177 1431 268 1509 Cujus
290 1428 326 1491 ad
349 1427 479 1490 olfioium
502 1435 661 1508 praeparat
683 1426 733 1487 ille
756 1446 856 1490 suum:

131 1515 209 1589 Quid
231 1515 319 1574 nimis
340 1514 480 1590 indignis,
504 1512 627 1589 abbio,
650 1530 698 1572 me
721 1513 843 1573 vocibus
866 1530 962 1590 urges.

175 1599 200 1659 0
223 1599 325 1666 irater,
348 1598 461 1676 patriae
483 1595 578 1674 gloria
602 1595 664 1658 sola
686 1597 774 1657 tuaei

132 1683 200 1745 Non
222 1684 300 1744 vires
322 1690 468 1762 temptare
491 1681 546 1742 viri
569 1698 629 1741 uon
652 1697 734 1742 arma
756 1699 873 1749 recuso,

174 1767 250 1829 Dum
273 1766 362 1827 modo
384 1768 437 1844 qui
460 1765 568 1832 vineat,
591 1766 723 1843 praemia
746 1772 830 1844 pacta
853 1765 939 1826 levet.
1047 1773 1098 1823 820

130 1921 283 1928 α-ρ-ο--ω-

200 2002 258 2052 803.
277 2000 422 2066 Epimator
440 2001 490 2052 258
508 2015 567 2066 sqq.

234 2084 387 2136 Confusam
404 2089 505 2134 terrore
523 2083 607 2146 videt,
624 2083 710 2135 Probi
729 2083 856 2146 dedecus,
874 2085 964 2150 inquit

233 2154 381 2203 Aeternum
399 2152 517 2216 patriae,
536 2152 699 2220 generisque
715 2152 832 2202 infamia
850 2154 938 2202 nostri

234 2219 324 2285 Terga
343 2219 447 2270 refers?

131 2305 189 2355 807.
205 2301 308 2366 jacies.
343 2304 516 2369 Epitometor
533 2303 584 2352 aot

233 2387 305 2438 Dum
320 2385 420 2450 jaceas
436 2387 466 2436 in
483 2401 573 2437 emere
592 2391 648 2450 tuo,
668 2401 718 2437 nos
737 2386 813 2439 bello
831 2401 957 2453 geremus

131 2456 190 2506 810.
219 2455 270 2505 Or.
289 2454 402 2510 Remed.
421 2456 480 2506 634.

275 2519 370 2574 Fortis
388 2536 475 2588 equus
493 2523 568 2572 visse
585 2535 694 2586 semper
710 2520 837 2572 adhinnit
855 2537 952 2588 equae.

130 2591 189 2642 812.
208 2587 319 2654 Margo:
346 2589 451 2652 fornix,
475 2590 571 2640 domus
593 2589 776 2654 prostibulum
795 2590 858 2641 inde
877 2591 1006 2642 fornicor.
1031 2593 1097 2648 uris.

131 2658 191 2712 813.
212 2659 252 2706 14.
270 2655 451 2722 Epitomstor.
471 2658 529 2707 182.
548 2658 589 2707 83,

233 2725 288 2774 Hie
307 2724 412 2775 animos
430 2724 546 2776 ostende
563 2728 637 2786 tuos,
654 2725 695 2775 nil
713 2724 827 2789 adjuvet
846 2741 922 2776 orme

232 2791 371 2842 Nobilitas
390 2791 504 2855 formes,
523 2791 591 2844 duro
609 2792 684 2844 Mers
702 2793 791 2844 milite
810 2793 912 2858 gaudet

130 2859 189 2910 815.
206 2858 327 2924 Epitom.
345 2860 403 2912 266.

232 2925 355 2992 Aequius
374 2927 500 2978 adversis
518 2932 607 2978 tecum
625 2931 770 2978 ooneurrot
786 2927 815 2977 in
833 2928 915 2978 armis

232 2992 355 3060 Impiger
373 2995 491 3046 Atrides.

129 3060 189 3115 818.
207 3059 267 3112 ills.
352 3063 411 3114 817.
431 3065 470 3117 18.
494 3075 597 3126 mergo.
615 3061 765 3128 respondet
783 3061 863 3113 Puris
879 3062 994 3113 Hectori
1015 3063 1098 3114 tratri

129 3141 189 3180 suo.
217 3126 367 3192 Epitomst.
385 3131 446 3184 272.
463 3133 504 3185 73.
783 3169 784 3174 1

232 3195 305 3258 Quid
321 3197 403 3249 nimis
421 3198 552 3262 indignis,
571 3199 671 3265 inquit,
689 3212 732 3248 me
750 3197 865 3248 vocibus
882 3213 966 3264 urges

233 3263 257 3314 0
275 3265 392 3328 patries,
411 3279 546 3331 germane,
564 3265 669 3317 deeus?

129 3331 189 3386 818.
208 3333 249 3382 20.
267 3332 446 3397 Epitomstor
462 3334 522 3384 ate.
541 3334 582 3386 76.

232 3397 290 3450 Nee
307 3399 381 3450 vires
399 3400 580 3465 dextramque
597 3401 650 3452 viri
667 3405 771 3452 tentare
789 3414 887 3451 reeuso

232 3464 382 3528 Dummodo
400 3469 534 3520 victorem
552 3467 654 3532 conjux
672 3483 732 3519 eum
751 3483 819 3533 paee
837 3474 976 3532 sequatur.

855 3549 892 3602 ὅ*
