2574 3976
181 177 243 240 142
491 180 554 229 nan.
575 181 606 230 v.
636 195 661 230 v.
680 181 823 230 err-sn.

224 330 348 392 Fraudis
370 331 516 410 adaptasti
538 330 662 409 pollicet
699 330 784 390 Tune
807 329 899 390 duos?

180 417 213 485 0,
238 417 289 492 qui
311 413 446 476 militiam
469 415 583 474 violasti
606 413 718 494 perlida
741 413 840 474 miles!

223 499 370 561 Perfidiae
394 499 486 569 miles,
511 498 691 576 militiaeque
714 499 790 558 lues!

180 583 298 645 Fallere
321 584 492 654 credentem
516 601 575 643 non
599 591 642 644 est
664 601 788 661 operosa
811 581 957 652 Quiritem

227 668 334 739 Gloria,
358 667 530 748 simplicitas
552 671 640 746 digna
664 669 763 728 lavore
787 669 850 726 luit.

180 753 367 832 Simplicitas,
393 755 497 830 auriga
521 752 590 825 doli,
615 752 783 830 praetendit
805 767 936 810 amorem

221 837 351 899 Intendit
372 847 514 905 mortem;
537 839 580 896 sic
603 855 658 914 ego
681 837 773 915 perdo
795 845 920 914 patrem.

182 922 353 1000 Ingreditur
375 924 476 982 lanum
501 923 654 1000 nescitque
677 921 770 980 latere
792 921 949 998 profanum

222 1007 259 1068 Et
280 1006 400 1086 plenum
424 1005 529 1084 gladiis
551 1005 727 1083 insidiisque
750 1004 858 1066 locum.

182 1090 326 1151 Providus
349 1093 500 1151 incautum
525 1091 644 1167 conligit
667 1097 787 1166 apertus
809 1098 956 1167 apertum,

225 1176 358 1254 Aequum
382 1175 426 1234 vir
448 1191 585 1251 nequam,
609 1177 714 1234 noxius
737 1176 927 1234 innoccuum.

179 1259 246 1320 'Non
269 1261 390 1338 impune
414 1268 512 1320 tamen
535 1259 647 1338 gladios
670 1276 789 1318 movere
813 1257 940 1327 dolosos

221 1343 295 1405 Pars
318 1344 405 1413 hona,
430 1363 489 1404 non
513 1346 607 1405 sentis
629 1361 701 1404 ense
722 1341 806 1402 luere
828 1340 921 1402 dolos.
1015 1367 1028 1372 ·

179 1429 223 1489 Ad
246 1447 372 1508 superos
394 1427 515 1489 sustollo
539 1446 644 1488 manus
667 1437 696 1489 et
718 1425 850 1506 postulo:
875 1425 981 1486 vindex

223 1513 368 1591 Dignatur
391 1517 465 1574 tanti
487 1514 605 1592 Jupiter
628 1531 692 1573 esse
715 1511 801 1580 mali;
937 1573 940 1580 ,

181 1597 300 1676 Jupiter
322 1617 338 1657 a
362 1597 449 1658 nobis
472 1605 532 1658 tam
555 1600 644 1657 noxia
666 1598 790 1657 crimina
814 1593 913 1674 pellat,

224 1682 262 1744 Ut
284 1681 361 1742 bona
384 1683 449 1762 quis
473 1691 575 1742 voveat
596 1681 736 1759 frausque
759 1679 954 1740 subintereat.

179 1767 295 1846 Jupiter
316 1768 347 1826 in
370 1783 469 1827 mores
490 1765 564 1828 milri
586 1766 636 1826 det
657 1764 772 1826 calcare
793 1773 943 1842 paternos,

223 1851 262 1912 Ut
285 1850 395 1911 valeam
419 1853 482 1910 lieri
505 1853 598 1929 patris
620 1853 718 1927 imago
742 1851 813 1925 mei3

182 1935 272 1998 Cuius
295 1935 428 1995 militiam
452 1937 555 1995 mundi
578 1951 632 2012 per
655 1935 771 1994 climata
795 1940 908 2012 septem

222 2019 333 2080 Detulit
356 2029 384 2079 et
405 2027 487 2096 gesta
510 2023 599 2080 sortia
622 2021 699 2079 lama
721 2019 838 2095 loquax.

180 2104 249 2164 Sola
273 2106 349 2163 mori
372 2105 466 2164 nescit
489 2104 606 2183 eclipsis
628 2104 727 2163 nescia
750 2105 852 2170 virtus,

223 2189 356 2268 Corpore
378 2187 519 2248 defuncto
543 2189 639 2248 vivere
660 2189 737 2248 lacta
759 2185 864 2247 solent.

179 2271 323 2334 Felicem!
347 2275 432 2334 cuius
454 2272 585 2333 resoluto
608 2289 734 2349 corpore
757 2269 843 2331 claris
881 2280 884 2285 ·

223 2355 372 2419 Laudibus
396 2357 538 2418 extulerit
560 2375 649 2418 aurea
673 2357 749 2418 lama
773 2355 846 2414 dies.

179 2441 299 2518 Absque
322 2460 405 2502 mora
426 2444 552 2503 ruimus.
590 2442 715 2502 Ruimus
738 2439 837 2500 nnnet
860 2455 959 2500 nonne
984 2437 1119 2498 videmus

225 2525 332 2596 ania
356 2529 483 2596 transire
507 2545 591 2588 more
613 2525 739 2585 labentis
762 2523 879 2602 aquae‘l
1095 2529 1147 2578 340

181 2610 324 2682 Vivimus,
348 2618 379 2670 ut
402 2629 552 2690 nunqnam
575 2628 665 2670 sensu
688 2626 843 2670 careamus
865 2625 981 2668 amaro:

247 2795 305 2846 315.
337 2810 446 2860 margo:
465 2795 604 2844 invehitur
620 2794 651 2842 in
668 2793 802 2848 Paridem.
888 2795 947 2844 att.
979 2789 1145 2844 Ouid-Her.

102 2876 105 2882 ·
157 2871 158 2874 ’
178 2863 217 2926 II,
235 2864 278 2925 63,
297 2863 344 2912 ubi
363 2867 455 2913 tamen
473 2878 522 2927 pro
541 2863 681 2925 Quiritem,
700 2861 828 2926 puellum.
898 2862 957 2915 323.
974 2874 1083 2922 margo:
1102 2873 1145 2907 ar·

179 2935 269 2980 matus
286 2931 425 2981 inermem.
494 2933 552 2982 335.
572 2931 613 2983 36.
634 2929 744 2980 Gnalth.
763 2928 841 2983 Alex,
859 2928 906 2992 VI,
926 2929 985 2978 335.
1005 2928 1047 2978 36.

280 2999 381 3048 Vivere
398 3014 447 3062 per
466 2998 567 3048 lamam
586 2997 697 3048 dabitur
716 2997 856 3062 postlata
875 2995 1003 3060 sepultis,

281 3065 347 3116 Sola
365 3067 434 3116 mori
450 3067 541 3116 nescit
560 3065 673 3130 eclipsis
692 3066 788 3114 nescia
807 3065 906 3114 virtus.

180 3131 362 3183 Conseruntur
381 3133 415 3183 ob
434 3148 545 3184 sensum
564 3139 713 3196 sequentes
731 3146 828 3183 versus
846 3136 874 3181 et
892 3131 953 3192 Vll,
973 3130 1031 3180 366.
1054 3130 1094 3178 st.

281 3201 341 3250 Hoc
359 3200 446 3251 solum
464 3201 585 3250 solamen
603 3201 687 3262 inest,
706 3200 777 3263 quod
796 3199 886 3263 glorie
905 3202 1020 3248 mortem

280 3267 386 3330 Nescit,
406 3273 434 3317 et
450 3283 578 3319 occasum
596 3282 651 3317 non
668 3267 754 3317 sentit
772 3267 847 3316 fama
865 3272 1016 3332 superstes.

178 3337 237 3388 337.
258 3335 340 3384 oleris
358 3349 373 3384 e
390 3337 514 3400 margine
533 3350 581 3399 pro
600 3334 701 3387 clarus.
786 3334 844 3384 338.
864 3332 1009 3384 Scholion:
1028 3329 1145 3395 pluralis

179 3417 321 3452 numerus:
350 3403 418 3452 dies.
521 3405 579 3454 340.
611 3403 661 3453 Ov.
680 3404 732 3452 Ars
750 3405 840 3453 Amat.
859 3401 915 3462 ΙΙΙ,
934 3401 967 3450 62
996 3403 1062 3448 eunt
1079 3397 1147 3446 anni

179 3485 253 3520 more
271 3470 381 3520 fluentis
401 3485 496 3533 aquae.
