2592 3978
179 183 222 250 36
371 210 382 226 ·-
501 182 562 232 mn
581 182 602 234 1.
637 197 663 234 v.
683 180 828 230 aee—am.

179 337 257 398 Ecce
280 335 363 394 vides
387 333 540 395 Helenam.
587 332 720 393 Fortuna
742 331 875 393 secunda
897 329 1065 393 secundum

222 421 330 480 Mentis
351 420 537 499 propositum
560 416 630 476 iecit
651 417 763 494 ultique
784 416 893 477 locum.

182 506 245 567 Rex
269 507 309 562 ait
331 502 481 568 exultans:
507 510 537 563 et
559 519 624 579 ego,
648 501 727 580 quod
751 499 857 561 debeat
879 502 935 560 ista
1100 507 1152 558 730

223 586 348 657 Praeda,
373 588 528 656 vaticinor,
552 594 653 646 nostra
675 584 775 645 redire
798 603 894 645 soror.

180 673 314 753 inquiret
335 689 391 732 nos
414 670 545 732 Graecus
567 669 666 749 homo,
689 687 749 730 non
772 668 886 748 absquo
907 676 1054 744 restauro,

226 761 267 817 Ac
289 757 347 816 erit
369 774 386 814 e
408 765 512 815 nostro
536 753 665 815 Graecia
688 756 761 813 victa
785 755 861 814 ioro.

186 842 291 918 'Pergit
314 848 343 900 et
365 838 415 900 hic
437 840 540 900 oculos
562 839 670 900 mulier
692 841 860 899 castissima
882 839 977 899 siccos

137 917 148 938 ‘
226 925 271 990 m.
296 942 363 985 cum
386 923 461 983 laeta
484 925 572 994 ioret,
596 926 634 984 sit
657 925 742 1002 quasi
764 931 876 984 moesta
900 923 992 984 sedet.
1101 931 1151 982 735
1205 935 1209 940 ·

185 1011 361 1071 Consolatur
382 1026 447 1068 eam
470 1006 615 1076 Priamus,
639 1007 798 1086 Paridiqno
819 1009 965 1086 resignat;

226 1092 344 1152 Taedas
365 1093 531 1160 instituunt,
555 1094 629 1152 iesta
653 1109 757 1153 serena
781 1090 893 1152 colunt.

186 1178 232 1238 Tu
258 1177 357 1237 credis
380 1186 491 1236 castam
515 1194 591 1255 quae
613 1179 730 1236 verterit
751 1175 818 1244 hnc,
843 1193 897 1252 ego
921 1193 990 1236 vero

229 1260 452 1340 Necquidquam
477 1260 578 1330 credo,
601 1268 747 1339 pactaque
771 1259 850 1319 nulla
873 1260 959 1322 dabo.

185 1346 268 1407 Hanc
293 1345 598 1422 Cassandravidens:
622 1346 701 1405 venit
724 1344 889 1405 destructio
911 1344 1019 1423 Trojae
1102 1353 1153 1402 '140

227 1429 266 1491 Et
286 1447 372 1490 casus
394 1430 521 1506 patriae!
544 1429 729 1489 vaticinando
753 1431 841 1488 canit.

186 1513 313 1574 includit
334 1523 418 1593 pater
440 1515 504 1574 eius
527 1531 601 1579 eam.
625 1509 824 1574 attintoninus
846 1515 913 1592 ipsa

228 1599 378 1660 Clamitat:
402 1599 433 1657 in
456 1595 546 1676 Troja
568 1597 677 1656 Troica
701 1596 817 1657 damma
840 1598 933 1658 sedet.

259 1758 496 1816 AGAMEMNON
514 1757 631 1813 VADIT
649 1757 855 1813 consonam
872 1757 1079 1814 MENELAUM

551 1825 591 1879 IN
610 1825 790 1884 SPARTAM.

187 1935 221 1996 In
244 1933 381 2012 Spartam
406 1938 546 2011 properat
567 1933 770 2009 Agamemnon
793 1931 830 1991 de
851 1932 976 1993 Menelai

231 2018 358 2078 Pectore
381 2027 544 2094 puncturas
566 2015 677 2094 pellere
701 2018 879 2077 moesticiae.
1104 2028 1155 2076 745

192 2101 377 2168 consoleris:
402 2103 452 2167 ait,
474 2118 529 2180 per
552 2099 660 2161 Troica
682 2104 730 2172 sit,
754 2100 833 2168 iicet,
857 2118 938 2161 arma

234 2186 374 2246 'l'iudaris
396 2184 502 2254 ablata,
523 2183 583 2264 jem
607 2194 780 2264 repetemus
802 2203 877 2245 eam.

191 2271 272 2332 Haec
294 2269 349 2330 tibi
370 2269 523 2337 reddetur,
548 2287 607 2330 non
630 2272 786 2348 irrepetita
811 2268 948 2338 manebit,

233 2355 298 2416 Non
322 2357 380 2415 erit
403 2373 417 2414 a
441 2353 610 2434 Phrygibus
634 2354 733 2414 abdita
756 2355 869 2414 Graeca
892 2371 1005 2414 manus.

190 2440 314 2501 Graecia
336 2439 510 2518 perdiderat
531 2437 689 2506 Helenam:
713 2440 756 2497 sie
779 2446 809 2500 et
830 2439 889 2497 duo
912 2438 1020 2498 iratres
1106 2447 1157 2496 '150

233 2523 311 2592 Quid
333 2540 424 2599 super
447 2521 493 2585 his
516 2524 633 2589 iaciant,
658 2521 842 2583 consiliando
864 2522 977 2584 sedent

192 2607 274 2670 Finis
297 2607 425 2666 consilii:
450 2609 564 2684 patriae
587 2603 741 2666 notescere
764 2605 883 2667 iactum.

238 2692 371 2753 Notescit
392 2689 470 2750 nulla
494 2693 686 2768 proveniente
709 2708 800 2750 mora.

192 2776 388 2838 Conveniunt.
431 2772 536 2834 Plures
557 2781 680 2852 poteras
702 2773 811 2834 vidisse
834 2774 965 2846 Quirites

233 2859 380 2921 Mentibus
403 2857 532 2919 illustres
555 2855 718 2937 militiaque
738 2859 826 2918 leves.
1107 2868 1157 2918 tic

195 2944 337 3023 Impiger,
360 2943 531 3012 iracundus,
555 2942 756 3014 inexorabilis,
780 2962 849 3004 acer

228 3028 335 3089 assitit
356 3027 506 3098 Aeacides,
531 3035 623 3107 tuque
644 3027 781 3090 Patrocle
802 3046 911 3089 comes.

192 3177 395 3188 ——n—-u—-n

263 3263 323 3315 734.
351 3263 381 3310 in
398 3262 537 3324 margines
554 3261 652 3311 ironia.
722 3263 780 3311 738.
801 3259 866 3312 God.
886 3267 972 3318 caste,
1041 3264 1100 3314 ut.
1127 3277 1162 3312 ex

193 3330 326 3393 margine,
344 3343 394 3394 pro
412 3327 517 3378 codicis
536 3328 698 3378 consuleris.
750 3330 808 3382 ite.
827 3328 857 3378 in
874 3330 1010 3394 margine:
1028 3331 1084 3379 iste
1096 3345 1161 3381 con·

196 3397 346 3448 solutionis
363 3397 451 3446 verbo
468 3396 556 3445 freter
573 3394 693 3460 replicet
709 3401 742 3446 ut
757 3396 925 3446 moestitiam
943 3397 1033 3446 cordis
1051 3397 1112 3447 eius
1129 3396 1163 3446 li-

196 3465 267 3515 niat.
338 3463 396 3514 ⁷56.
417 3460 484 3512 (lod.
496 3462 717 3512 inexorarubilis.
737 3470 780 3513 est
797 3463 864 3513 Hor.
883 3467 915 3518 A.
933 3464 964 3513 P.
984 3465 1042 3512 121.
