2574 3976
429 177 792 228 mortuam-614:
887 225 890 229 .
1030 177 1089 240 187

123 327 259 390 Gaudeat
280 330 412 390 Antenor
434 325 526 388 simili
549 328 647 388 ridere
671 331 780 406 quiete,

53 449 57 454 =
173 413 225 473 ilis
248 430 365 492 quoque
388 429 533 490 personae
556 415 743 491 proximitate
765 415 860 474 datae.

125 497 281 559 consentit
304 496 431 576 populus
455 506 483 556 et
506 497 557 564 eis,
582 499 631 575 qui
655 500 733 575 regis
756 497 792 558 ab
816 516 867 558 ore

171 581 312 660 Erpressi
335 583 462 650 inerant,
486 583 584 642 omnia
608 580 685 642 salva
709 591 845 650 manent;

121 665 160 726 Et
175 683 245 730 *nun
268 667 417 744 expressis
441 673 562 734 tantum,
586 666 637 726 sed
661 673 690 725 et
712 666 848 726 omnibus
872 665 929 740 bis,
952 667 1002 746 qui
1042 675 1091 724 585

167 749 331 827 Participes
353 747 442 828 bujus
465 749 636 810 traditionis
659 759 752 810 erant.

295 895 450 964 [cunnus
467 896 514 950 un
533 896 669 950 raucus
687 895 916 965 andanems]

120 1003 255 1062 Antenor
278 1003 388 1080 surgit;
412 1001 547 1074 otiandi
571 1005 654 1081 copia
679 1003 774 1068 detur.

163 1085 324 1152 obsecrat:
349 1085 404 1147 bac
427 1094 523 1147 sumta
546 1087 756 1148 convenienter
779 1089 832 1154 ait:

109 1172 226 1232 'Grates
249 1168 435 1248 Grajugenae
458 1178 609 1246 gratanter
631 1171 725 1231 reddo
746 1171 884 1250 Juventae

160 1254 218 1315 Pro
241 1253 319 1314 bene
341 1261 466 1324 servata,
491 1273 579 1334 quam
604 1255 755 1334 pepigere,
778 1254 846 1316 fide.

119 1339 252 1418 Corpora
275 1339 519 1417 nostra·quidem
543 1339 634 1400 rebus
657 1346 727 1399 sunt
747 1343 861 1418 integra
885 1337 981 1408 salvis,

163 1424 225 1484 Nec
248 1424 349 1483 nocuit
371 1424 480 1483 nostris
502 1421 562 1485 ulia
585 1421 829 1502 procelianeois.

10 1569 11 1572 ,
118 1506 142 1568 0
167 1508 236 1568 rex!
260 1507 288 1566 in
312 1508 407 1585 capite
431 1506 509 1576 teni,
534 1526 599 1568 cum
623 1507 699 1569 belia
722 1509 830 1580 sitiret,

10 1603 11 1614 ¹
159 1590 195 1651 m
217 1591 302 1652 daret
324 1599 458 1652 extentas
480 1591 570 1671 Troja
593 1591 722 1671 superba
747 1594 850 1661 minas,

119 1676 185 1738 Non
208 1676 292 1744 ierat,
316 1677 367 1737 sed
390 1675 486 1738 iturus
508 1686 572 1738 erat
593 1695 757 1756 navemque
780 1675 915 1738 struebat

160 1759 321 1820 Intendens
344 1759 452 1821 Danais
475 1759 581 1821 damna
604 1779 709 1839 parare
732 1761 826 1822 Paris
973 1831 975 1834 ¹

118 1843 178 1904 Res
201 1862 235 1904 ea
258 1843 409 1922 displicuit
430 1843 553 1913 Heleno,
576 1845 737 1925 retulitque
760 1846 891 1906 futurum

160 1929 296 2005 Remigio
318 1926 369 1992 tali
392 1929 520 1990 Troibus
543 1929 706 2000 excidium;

117 2012 174 2073 Hic
196 2012 285 2072 etiam
306 2012 391 2073 reddi
415 2031 523 2093 corpus
545 2016 693 2092 persuasit
713 2013 846 2084 Achillis,

159 2095 336 2157 lntumuiata
360 2096 463 2158 dolens
485 2096 619 2158 membra
639 2097 741 2176 jacere
765 2097 858 2160 ducis.

121 2180 158 2242 Et
179 2183 278 2241 iuerat
300 2181 461 2242 Cassandra
485 2183 562 2242 maio
585 2185 734 2244 contraria
757 2191 856 2242 vestro

10 2311 12 2338 p
158 2265 223 2326 Hoc
245 2283 326 2326 casu.
350 2283 449 2324 casum
474 2266 662 2326 vaticinando
684 2267 845 2344 Phrygum.

10 2375 12 2430 p
119 2347 213 2410 Immo
236 2347 382 2409 clamabat
402 2351 566 2419 manifeste,
590 2349 678 2429 Troja
702 2351 827 2410 tenenda

158 2433 242 2506 Quod
266 2434 344 2493 soret
366 2435 465 2502 exitio,
489 2437 514 2494 si
538 2435 621 2494 Paris
641 2436 699 2494 iret
722 2453 767 2494 eo.

10 2553 12 2564 ι
117 2515 262 2598 Quicquid
285 2516 428 2594 agebatur
449 2520 529 2579 inter
551 2519 714 2596 primordia
738 2517 816 2588 belii,

157 2601 209 2664 lna
232 2600 405 2668 recusabat„
423 2619 498 2681 quae
521 2603 605 2663 Paris
629 2603 688 2680 egit
710 2604 765 2682 agi,

117 2685 149 2746 ln
173 2695 304 2754 tantum3
329 2685 405 2763 quod
425 2705 493 2746 eam
517 2697 601 2766 pater
624 2695 688 2748 atro
711 2705 831 2748 carcere
855 2687 966 2761 clausit,

158 2770 219 2831 Nec
242 2771 343 2843 tacuit,
366 2789 469 2849 pacem
492 2789 610 2849 semper
632 2774 738 2836 inore
762 2773 837 2833 tunt.

118 2854 269 2915 Concedas
290 2855 379 2930 igitur
402 2854 448 2916 bis
471 2853 609 2916 libertate
631 2859 733 2935 potiri,

157 2937 194 2998 m
216 2947 263 3000 tua
287 2956 341 3017 pro
363 2942 482 3000 meritis
503 2943 598 3018 gratia
621 2941 716 3017 prosit
737 2943 791 3001 eis.

118 3021 178 3082 Rex
202 3022 239 3084 de
262 3021 385 3085 consilio
407 3020 567 3100 consentit,
592 3026 693 3103 eisque
717 3023 833 3086 duobus

156 3105 290 3169 Libertas
313 3109 410 3178 etiam,
434 3126 467 3168 re
489 3108 643 3177 redeunte,
668 3107 753 3168 redit.

10 3215 12 3242 =
117 3177 219 3252 Erudit
240 3209 359 3272 quoque
380 3211 434 3270 par
456 3190 600 3254 Helenum
622 3197 724 3272 regina
747 3203 919 3272 precantem

156 3275 286 3344 Hecuba,
308 3277 431 3354 reginae
450 3274 585 3355 jungitur
607 3276 823 3340 Andromache.

124 3405 312 3415 ..ι-η...-

182 3458 240 3513 587.
260 3459 320 3514 cod.
340 3458 471 3511 Athenor.
541 3465 598 3517 597.
619 3463 679 3515 cod.
699 3462 815 3518 Helono.
