2590 3984
181 134 225 198 82
486 136 553 188 aaa.
568 136 620 188 111.
656 151 681 188 v.
700 137 844 188 asc-aoa.

184 289 245 349 Pax
267 305 322 366 per
344 305 396 348 sex
418 304 536 348 menses
559 285 709 348 stabilitur
732 295 762 348 et
785 305 872 348 omne
894 298 1061 368 peremtum

228 371 388 452 Talparum
411 373 521 451 recipit
543 374 574 432 in
598 373 720 450 regione
743 371 857 434 thorus.
1103 383 1159 432 340

380 551 429 604 DE
446 550 572 606 PUGNA
589 549 781 607 DUODECIM
799 553 951 608 DIERUM.

187 676 320 754 Septima
344 667 506 752 surgebant
529 677 653 735 orientis
675 693 788 735 cornua
811 675 921 748 Lunae,

230 761 361 837 Surgere
385 760 526 820 continuo
550 757 655 820 bellica
678 763 761 837 signe
786 759 863 820 vide.

186 847 349 924 Pugnatur.
394 843 487 904 Durat
510 843 655 904 duodenis
677 861 776 923 pugna
799 843 906 905 diebus

229 929 379 1006 Sanguine
402 942 558 988 caesorum
580 926 642 991 lata,
661 927 796 989 rubescit
817 929 934 990 humus

185 1014 261 1088 Quid
284 1013 366 1092 juvat
388 1011 508 1072 assidue
530 1011 634 1082 clavas,
659 1013 732 1091 quid
755 1011 821 1081 tela,
845 1012 918 1093 quid
942 1031 1037 1084 enses,
1075 1069 1078 1075 ,
1103 1021 1156 1071 345

230 1098 307 1170 Quid
331 1103 450 1164 mortes,
475 1099 579 1156 mortis
601 1097 673 1176 quid
696 1115 854 1158 numerare
879 1095 998 1158 modost

185 1186 245 1244 Aut
267 1181 375 1241 seriem
398 1180 513 1240 scindet
535 1180 621 1242 stilus
643 1189 693 1242 aut
716 1181 833 1242 fastidia
857 1185 969 1260 gignet,

231 1267 261 1327 Si
284 1267 366 1325 necis
389 1280 477 1324 omne
500 1281 594 1341 genus
617 1281 795 1326 enumcrare
818 1264 906 1326 vol-et.

165 1351 229 1412 ‘Ad
254 1349 404 1411 Priamum
428 1352 520 1410 mittit
543 1351 745 1428 Agamemnon
770 1367 896 1428 eumque
911 1357 1058 1430 precatur

229 1435 268 1496 Ut
290 1453 344 1514 per
365 1434 505 1496 terdenos
528 1435 648 1497 obseret
671 1452 752 1495 arma
776 1435 849 1495 dier.
1103 1441 1158 1494 350

187 1519 333 1580 Concedit
355 1519 498 1586 Priamus,
521 1515 700 1580 clauduntur
723 1518 808 1579 busta
831 1517 985 1598 sepulcris,

230 1603 330 1664 Turba
355 1602 537 1663 salutiferam
560 1604 659 1664 saucia
682 1605 798 1683 quaerit
820 1621 918 1682 opem..

188 1687 254 1748 Non
277 1695 323 1749 est
345 1690 376 1747 in
401 1687 497 1769 medio
520 1703 647 1765 semper,
672 1687 820 1748 relevetur
843 1695 875 1748 ut
897 1704 1000 1765 aeger;

230 1772 262 1832 ln
286 1763 507 1848 cura'quadam
530 1771 652 1831 vulnera
675 1781 770 1832 morte
794 1771 894 1850 ligant.

231 1951 280 2004 DE
299 1949 441 2005 SOMNIO
459 1951 743 2007 ANDROMACHAM
760 1952 896 2007 UXORIS
914 1950 1103 2008 HECTORIS.

187 2075 269 2134 Luna
292 2073 384 2134 semel
406 2073 502 2144 latuit,
526 2081 587 2134 toto
610 2073 702 2136 semel
725 2075 798 2136 orbe
821 2077 957 2146 recrevit,
1104 2082 1155 2132 355

229 2159 290 2220 Pax
313 2155 373 2217 abit
397 2165 426 2217 et
448 2157 576 2238 populus
598 2178 701 2220 rursus
723 2161 753 2219 in
777 2179 858 2222 arma
873 2163 949 2227 ruit.

187 2243 381 2318 Pugnandum
406 2243 443 2302 de
466 2261 553 2304 mane
575 2244 638 2312 luit,
663 2262 730 2306 cum
753 2252 841 2304 nocte
863 2243 918 2304 sub
941 2247 1005 2323 ipsa

232 2327 369 2388 Hectoris
392 2325 599 2388 Andromache
622 2329 736 2388 somnia
759 2328 833 2389 dura
855 2329 942 2389 videt

187 2413 244 2481 lle,
268 2427 408 2472 moerens
432 2413 472 2473 ait
493 2410 542 2472 illa
566 2415 639 2482 viro,
661 2412 722 2491 jam
745 2417 879 2491 tempore
901 2429 1010 2492 pausae

229 2495 351 2556 Terruit
372 2498 404 2555 in
426 2497 538 2557 somnis
560 2499 635 2557 visio
658 2497 744 2562 valde,
765 2499 872 2574 gravis.
966 2531 968 2536 ·
1104 2503 1153 2554 360

188 2581 231 2641 Ad
255 2581 320 2639 lara
343 2578 418 2640 bella
443 2598 549 2659 precor
572 2580 660 2641 bodie
683 2581 865 2642 descendere
888 2581 958 2650 noli,

230 2664 275 2724 Sit
297 2661 352 2724 tibi
375 2682 446 2724 cura
469 2665 537 2734 mei,
561 2665 599 2724 sit
622 2664 674 2724 tibi
697 2683 767 2726 cura
790 2668 844 2726 tui.

256 2885 315 2935 339.
335 2885 446 2947 Margo:
474 2883 534 2932 Pax
560 2883 645 2932 tertia
669 2895 718 2932 sex
740 2883 884 2934 mensium.
965 2885 1025 2934 342.
1044 2885 1154 2947 Margo:

187 2953 286 3018 Pugna
303 2951 357 3014 IX,
375 2949 431 3002 XII
449 2950 554 3000 diebus.
636 2952 694 3001 347.
713 2949 778 3000 God.
798 2951 879 3000 stilus
898 2950 1014 3000 scindat.
1096 2952 1153 3000 350.

187 3022 298 3084 Margo:
327 3019 385 3068 Pax
413 3023 510 3080 quarta
532 3015 648 3082 triginta
671 3019 784 3070 dierum.
853 3020 912 3069 353.
934 3019 1043 3082 Margo:
1072 3031 1155 3081 quare

189 3087 252 3137 dum
278 3085 425 3137 adhibetur
452 3089 492 3135 eis
517 3099 583 3134 eura
605 3101 655 3150 per
676 3085 840 3136 medicinam
864 3101 919 3136 non
937 3085 1014 3136 evod.
1034 3091 1155 3138 mortem.

185 3153 237 3218 Ov,
258 3169 281 3203 e.
300 3153 379 3202 Pont.
399 3153 421 3214 Ι,
438 3153 462 3210 3,
483 3153 575 3203 17.18
649 3199 650 3203 ,

213 3243 218 3250 ·
288 3221 350 3269 Non
370 3220 458 3270 estin
476 3219 565 3270 medio
584 3233 698 3284 semper,
718 3219 859 3270 relevetur
876 3225 907 3270 ut
924 3236 1018 3286 aeger.

323 3288 463 3338 Interdum
481 3288 564 3337 docta
582 3286 643 3351 plus
661 3286 737 3337 velet
756 3292 816 3337 arte
834 3288 946 3340 malurn.

188 3357 248 3407 355.
268 3355 348 3406 Ovid.
367 3355 433 3404 Her.
451 3355 488 3417 11,
508 3357 523 3404 5
945 3366 948 3371 ·

299 3419 381 3474 Luna
400 3426 499 3486 quater
516 3421 612 3484 latuit3
632 3425 690 3472 toto
710 3427 808 3489 quater
826 3423 892 3474 orbe
911 3423 1035 3475 recrevit.
