2574 3976
205 163 266 250 172
511 163 573 219 Lib.
592 164 639 216 vr.
675 179 701 216 v.
722 166 864 216 rer-roo.

314 343 525 414 [constatura
542 343 754 426 enarmonia
770 345 818 398 ET
834 343 1060 416 colustrum]

101 467 123 490 ·’
205 468 342 529 Nondum
366 469 411 528 sol
434 466 553 548 liquidis
575 486 607 531 se
630 469 753 529 miserat
774 486 882 530 aureus
904 466 992 530 undis
1017 452 1022 459 ¹

248 551 330 614 Ciam
352 554 466 613 sociant
488 553 578 632 aliqui
601 571 643 622 se,
667 549 733 613 sine
755 560 839 622 teste,
864 550 940 620 sibi:

204 636 326 698 Scilicet
348 634 497 706 Antenor,
519 636 618 698 lolaus
640 635 882 717 Polydamasque,

247 720 458 799 Amphidamas
479 720 539 782 iilis
561 721 643 782 alluit
665 729 754 800 atque
777 721 882 782 nolon.

205 806 312 867 Dicunt
333 806 434 867 mirari
458 823 499 875 se,
522 820 625 881 regern
648 803 734 866 malie
756 807 867 884 perire,
960 837 964 841 ·

246 889 341 960 Quam
363 906 416 950 sua
439 888 494 950 sub
516 889 601 968 pacis
621 890 819 968 prosperitate
841 889 918 950 lore.

204 971 347 1035 Hostibus
369 972 477 1034 inclusi
499 992 602 1035 sumus
624 991 737 1044 omnes,
760 974 856 1054 patria
878 980 1002 1042 moeret,

246 1057 324 1118 Sunt
346 1058 416 1135 quia
438 1059 579 1118 continua
600 1055 724 1136 proelia,
747 1060 873 1138 quisque
895 1055 986 1118 dolet.

204 1139 353 1212 Consiliis,
376 1143 508 1202 Antenor
529 1142 579 1211 ait,
602 1141 743 1203 attendite
767 1143 875 1203 nostris

247 1224 390 1287 [licendis
411 1227 527 1288 firmam
551 1226 749 1288 continuando
771 1227 870 1287 fldem.

204 1307 342 1386 Quidque
364 1308 459 1370 velitis
482 1309 580 1371 ethis
600 1318 749 1390 praestate
771 1309 888 1372 silentia
911 1309 1001 1371 rebus

246 1393 359 1464 Dicite;
382 1412 511 1474 moxque
532 1393 626 1472 ligant
647 1393 695 1455 bis
716 1413 768 1456 sua
790 1403 858 1456 vota
878 1394 945 1455 ilde.
1042 1407 1045 1411 ·

204 1477 348 1540 Omnibus
370 1478 518 1539 adstrictis
540 1482 670 1540 Aeneam
693 1476 796 1540 deesse
817 1477 970 1559 patrandis

246 1561 351 1624 Noluit
372 1565 513 1632 Antenor,
538 1563 616 1624 unde
638 1571 759 1625 vocatus
781 1562 874 1624 adest.

205 1645 230 1708 0
253 1645 459 1709 Anchisiades!
482 1649 532 1716 ait,
555 1647 611 1708 ista
634 1645 803 1724 frequentia
826 1645 895 1709 belii

247 1729 392 1793 Omnibus
415 1739 460 1792 est
482 1732 575 1801 oneri,
599 1731 727 1792 dicimus
750 1749 822 1811 ergo
845 1730 908 1792 tibi.

206 1814 322 1876 Censeo
345 1814 529 1886 tradendam,
552 1823 584 1876 tu
607 1817 632 1876 si
650 1817 852 1889 consenseris,
876 1813 999 1882 urbem;

247 1899 299 1961 Est
321 1916 410 1978 grave
431 1901 585 1979 perpetuis
607 1917 715 1978 corpus
737 1899 861 1960 bumare
884 1898 978 1961 malis.

206 1983 311 2045 Cautio
333 1983 412 2061 qnod
436 1983 531 2044 danda
554 1985 592 2044 sit
613 1982 649 2044 ad
672 1986 726 2046 ista
750 1984 876 2063 negotia,
900 1985 990 2051 scitis,

246 2067 290 2128 Ne
312 2075 422 2129 noceat
442 2076 511 2129 roto
533 2067 713 2148 suspiciosus
735 2067 835 2130 bomo.

205 2152 248 2213 Ad
272 2152 388 2213 Danaos
410 2153 529 2230 sapiens
552 2161 581 2213 et
604 2160 709 2214 cantus
730 2155 851 2213 nuntius
872 2151 929 2214 ibit

247 2235 365 2297 Semina
388 2235 509 2297 consilii
531 2238 658 2298 seminet
680 2235 730 2298 iile
752 2236 829 2298 duci.

207 2320 259 2381 lile
281 2320 446 2399 reportabit
466 2320 548 2398 pacis
571 2321 714 2382 tutamina
737 2320 824 2382 nobis

247 2402 286 2466 Ut
308 2404 414 2465 radant
435 2412 537 2466 nostra
559 2403 700 2466 liberiore
723 2406 778 2464 via.
1124 2413 1175 2462 190

206 2487 397 2551 Tardandum
419 2505 479 2549 non
503 2498 557 2559 est,
580 2491 632 2551 sed
656 2498 688 2551 ut
710 2489 912 2551 acceleremus
935 2496 1061 2566 oportet,
1120 2559 1132 2563 ,

249 2571 314 2633 Non
338 2573 449 2652 patitur
473 2572 591 2651 longam
614 2572 703 2635 lectio
725 2581 827 2635 nostra
850 2574 978 2634 moram!

207 2656 291 2718 lianc
313 2654 466 2717 hominum
489 2659 583 2736 siquis
604 2658 750 2720 audiverit
771 2667 850 2727 ante,
873 2663 997 2720 curante

247 2740 279 2800 ln
302 2748 434 2802 nostram
457 2741 544 2802 cedet
565 2743 703 2820 protinus
724 2740 770 2802 ilia
795 2760 914 2811 necem;

198 2825 245 2886 'Et
267 2826 334 2904 quia
357 2843 413 2886 nos
435 2825 556 2887 Priamo
578 2843 680 2904 pacem
704 2827 907 2906 persuasimus
930 2824 999 2886 olim
1124 2833 1174 2882 195

251 2907 345 2970 Instat
367 2910 500 2970 consiliis
522 2911 646 2972 iorsitan
670 2909 719 2971 ille
743 2913 842 2981 noris;
1010 2933 1014 2937 ·

273 3111 330 3161 168.
348 3111 467 3162 fortasse
488 3109 648 3176 legendum:
676 3112 725 3162 sed
743 3112 804 3162 sine
822 3116 905 3165 teate.
1008 3111 1066 3166 169.
1084 3110 1173 3160 Dares

204 3177 341 3228 nominat:
359 3175 510 3241 Ucalcyon.
581 3181 637 3234 170,
658 3179 717 3228 cod.
737 3179 833 3230 Delon.
897 3180 954 3233 188.
974 3176 1065 3230 Sobel.
1086 3175 1173 3228 Grae·

205 3259 304 3296 corum.
410 3247 467 3296 192.
492 3245 543 3296 Or.
566 3244 631 3296 bdet.
651 3247 697 3308 lv,
719 3249 777 3300 350.
805 3247 906 3311 vixque
928 3261 1032 3296 morem
1054 3245 1170 3310 patitur.

206 3314 263 3364 193.
282 3309 367 3362 schol.
392 3327 447 3362 cur.
471 3311 558 3366 finem.
629 3315 685 3367 194.
705 3312 788 3364 schol.
808 3314 873 3378 quin
891 3313 916 3364 si
933 3313 1078 3364 consilium
1096 3311 1173 3362 istud

203 3377 372 3428 intellexerit
396 3386 461 3428 ante
479 3379 561 3429 linem
579 3381 731 3430 occidemur
748 3396 765 3430 a
784 3381 902 3431 Priamo.
1008 3381 1065 3430 194.
1085 3377 1171 3432 schol.

202 3445 263 3499 illo.
281 3445 364 3496 lectio
381 3446 428 3497 vel
447 3447 530 3497 aetio.
