2590 3984
427 211 491 265 Lib.
508 211 559 267 111.
595 227 621 262 v.
640 214 783 269 too-729.

229 393 290 448 HIC
308 391 449 446 AGITUR
466 389 776 448 ANNIVERSARIUM
793 393 982 450 HECTORIS,

122 502 183 563 Pax
206 509 271 562 erat
294 507 324 559 et
345 497 447 558 retulit
468 501 539 559 anui
561 498 706 560 revolutio
728 503 854 571 tristem,
1041 510 1091 560 705

164 586 274 647 Hector
297 584 480 660 Avernigera
503 601 560 662 quo
584 582 652 644 tulit
674 603 765 654 arma,
789 584 876 646 diem.

122 669 245 732 Hecuba
268 685 335 728 oum
358 667 475 726 Priamo
499 666 705 747 tumulumque
729 668 876 750 Polyxena
899 670 996 730 visunt

165 756 205 816 Ut
227 752 380 814 celebrent
402 768 522 812 carmen
545 751 671 814 funebre
691 772 774 814 more
796 772 875 825 suo;,

83 840 85 844 ’
122 840 160 900 Et
182 836 381 915 Trojanorum
404 837 537 912 potiores
558 839 589 895 in
613 839 752 899 comitatu
775 897 776 900 ,

166 924 242 984 Sunt
262 923 351 980 etiam
374 919 443 980 talis
466 919 570 982 lunera
593 921 666 984 llere
690 925 757 983 7171.
1041 931 1091 980 717

124 1008 305 1069 Graecorum
326 1004 451 1082 juvenes
473 1014 645 1072 7777777777,
670 1005 718 1067 1717
741 1003 770 1067 77
792 1005 920 1068 Achilles

166 1089 328 1152 lntendens
350 1089 446 1149 oculis
469 1107 540 1150 vana
562 1090 663 1150 videre
685 1093 773 1170 ragis.

124 1177 267 1254 Corporis
290 1180 333 1234 est
356 1174 459 1233 oculus
482 1173 557 1243 talia,
581 1174 659 1254 quod
683 1178 791 1236 mentis
813 1175 952 1244 ocellum,

165 1261 201 1322 Ni
224 1257 301 1318 bene
323 1275 355 1317 se
377 1255 504 1322 claudat,
529 1257 687 1318 exoculare
710 1259 794 1321 solet.

122 1345 172 1406 Sic
194 1361 247 1403 777
269 1359 431 1419 corporeus
452 1341 571 1429 Pelidae
593 1351 694 1404 caecat
716 1344 836 1414 ocellus,
1039 1354 1090 1403 777

165 1429 204 1489 117
225 1428 319 1486 visum
343 1427 448 1507 perdat
470 1443 554 1487 meus
577 1425 691 1488 oculata
714 1429 806 1506 prius.
908 1467 912 1474 ·

124 1513 214 1591 Cujus
237 1510 350 1571 tiresiat
372 1511 416 1571 sio
438 1512 496 1570 risa
521 1508 668 1589 Polyxena
690 1519 804 1590 peetus,

165 1597 309 1658 Transeat
332 1603 364 1656 nt
386 1605 474 1656 77777
497 1602 633 1674 tempora
655 1606 755 1657 mente
777 1598 844 1658 tria.

125 1682 183 1753 Oui
205 1681 317 1740 totiens
338 1679 444 1748 socios,
469 1683 577 1741 totiens
599 1682 764 1758 perterruit
785 1681 894 1751 hostes,

168 1766 259 1825 lactat
280 1761 336 1823 snb
359 1771 482 1824 teneros
504 1767 591 1825 unica
615 1759 698 1843 virgo
719 1765 821 1843 pedes.
1041 1775 1091 1824 777

125 1851 177 1909 Vir
200 1848 313 1910 iaculas
336 1847 461 1908 Veneris
482 1857 604 1928 portans
627 1851 658 1908 in
681 1850 779 1927 pixide
802 1850 910 1922 cordis,

167 1933 232 1996 Nou
256 1932 414 1993 cerebrum
438 1950 553 1999 somno,
577 1951 633 1993 nee
656 1933 734 1994 lovet
756 1952 808 1994 ora
831 1934 907 1995 cibo.

122 2018 237 2078 Incedit
259 2019 350 2078 multa
376 2017 554 2086 meditando,
579 2035 673 2094 pauca
696 2018 853 2098 loquendo,

166 2103 216 2162 Sic
237 2110 324 2162 tener
347 2119 471 2162 ausuros
492 2101 617 2178 grandia
639 2101 750 2180 frangit
772 2121 864 2164 amor.

124 2185 268 2248 Luctatus
290 2202 401 2254 secum,
424 2188 540 2248 ratione
562 2184 666 2263 lugere
690 2188 822 2248 lurorem
1041 2196 1090 2246 777

171 2272 208 2332 Et
230 2269 305 2330 valet
329 2278 357 2329 77
380 2287 438 2331 777
461 2269 533 2338 7717,
556 2271 616 2330 7717
639 2272 821 2349 minimeque
844 2269 930 2331 77177.

129 2355 197 2415 Vult
219 2356 350 2416 animum
373 2363 483 2430 tegere.
508 2371 567 2414 non
590 2355 805 2434 prodestsvult
826 2357 953 2434 aperire.

169 2438 227 2499 Sed
251 2439 320 2499 cuii
344 2457 402 2498 nou
427 2439 530 2515 aperit,
553 2439 604 2498 sed
628 2440 723 2515 magis
746 2442 811 2516 ipse
834 2441 916 2518 tegit.

124 2524 157 2584 ln
182 2541 214 2584 se
238 2524 356 2585 1777777
379 2521 454 2584 solet
476 2523 573 2582 acrius
596 2521 714 2583 abditus
735 2524 819 2600 ignis,

195 2664 557 2756 ’1071177317177717711777
577 2689 748 2755 Avernigere
762 2707 843 2751 arma,
857 2693 923 2756 quia
937 2693 1090 2744 7777771777-

123 2765 187 2810 runt
204 2759 234 2808 in
251 2758 398 2821 Avernum,
419 2757 488 2822 qnod
507 2757 647 2808 derivatur
665 2760 696 2808 ab
715 2760 822 2823 equod
842 2761 901 2810 eine
920 2765 1024 2824 77777,
1044 2762 1090 2811 de-

123 2825 252 2889 lectatio,
281 2827 361 2892 quasi
387 2827 448 2876 eine
476 2825 674 2879 delectatione.
760 2829 816 2878 717).
835 2831 853 2881 t.
877 2843 926 2891 pro
950 2828 1011 2878 eod.
1030 2827 1090 2878 7711.

30 2921 35 2930 ·
124 2895 182 2948 ⁷13.
203 2894 242 2943 14.
263 2895 313 2946 cfr.
331 2892 413 2942 Alan.
431 2893 536 2943 Antiel.
554 2892 603 2943 lib.
622 2893 662 2942 VI
680 2891 720 2958 (p.
740 2893 784 2954 95)
803 2895 850 2944 lin.
870 2897 894 2949 9,
915 2896 947 2945 10

242 2960 296 3011 Sed
315 2960 441 3025 quamvis
461 2959 556 3010 777177
575 2961 676 3009 mentis
695 2960 869 3026 resplendeat
887 2961 970 3025 intra,

240 3028 411 3092 Langueecit
429 3031 521 3076 tamen
541 3028 666 3082 exterior.
684 3053 717 3062 —

124 3096 183 3148 718.
201 3095 336 3159 Marginis
354 3094 491 3145 scholion:
511 3094 565 3144 tria
582 3102 715 3159 tempora,
733 3110 831 3159 nempe
850 3111 993 3161 praesens,
1012 3111 1091 3162 prae·

122 3163 236 3212 teritum
255 3169 283 3214 et
302 3163 438 3227 iuturnm,
459 3162 640 3227 praeteritum
660 3161 791 3213 oblivioni
808 3163 939 3226 tradidit,
957 3179 1089 3230 praesens
1191 3163 1192 3168 ’

122 3245 177 3282 non
199 3231 321 3292 curavit,
350 3231 472 3280 futurum
490 3245 544 3280 non
563 3231 713 3296 prospexit.
825 3232 882 3286 tit.
902 3229 966 3282 cod.
986 3246 1090 3296 regere.

122 3298 182 3352 ⁷29.
203 3298 254 3348 Ov.
273 3299 338 3352 Met.
357 3299 404 3360 IV,
423 3299 456 3348 64

210 3367 325 3429 Quoque
344 3367 432 3430 magis
449 3365 561 3429 tegitur,
581 3369 661 3416 tento
680 3366 769 3430 magia
787 3370 899 3417 aestuat
916 3366 998 3432 ignis.

121 3433 259 3498 Pamphil.
280 3436 301 3497 1,
321 3435 352 3484 nt
371 3460 404 3469 —
423 3459 454 3469 —
473 3457 506 3467 --
524 3449 587 3482 nam
606 3432 733 3484 eondltna
753 3433 826 3498 ignis

326 3501 432 3565 Aerior,
453 3499 555 3550 effusus
574 3500 682 3564 parcior
701 3515 762 3551 esse
782 3500 861 3551 solet.
