2592 3978
193 157 213 220 6

193 312 262 372 liter
284 311 320 372 ad
344 328 448 372 omnes
471 311 633 390 scriptores
656 309 801 390 pertinet,
833 313 917 390 quasi
940 310 1088 389 quandam
1111 329 1164 373 au·

193 415 277 457 ream
300 399 401 458 vittam
424 397 594 464 constituit,
618 415 678 476 quo
701 403 730 457 et
752 413 837 458 mens
859 399 990 457 auctoris
1014 403 1043 457 et
1065 395 1165 461 eldea·

195 483 240 544 cia
264 484 357 543 totius
373 483 475 561 operis
491 479 647 550 elucessit3
671 480 852 543 scribentem
868 497 976 559 nempe
996 481 1060 561 ipse
1078 480 1164 542 labor

196 565 325 628 delectat
353 572 382 627 et
408 566 488 627 idem
516 564 602 626 labor
628 564 793 628 laborando
821 567 980 636 minuitur,
1010 565 1081 628 dum
1109 584 1165 645 per

199 659 384 714 crementum
408 652 508 730 operis
531 651 588 728 bis,
612 653 661 729 qui
684 654 716 712 in
739 649 867 730 alicujus
890 654 936 712 rei
960 651 1058 713 studio
1081 650 1163 711 labo·

194 742 277 807 rant,
313 738 409 814 magis
437 754 471 797 ac
499 738 594 814 magis
622 736 658 796 ad
681 737 829 798 l'ervorem
854 736 945 798 studii
973 744 1163 816 provocatur.

195 821 349 900 Siquidem
374 820 499 882 Ovidius
521 819 612 902 [Tast.
635 821 656 891 l,
679 817 755 904 eto]
1243 815 1245 820 ’

258 906 323 977 Quo
345 906 412 986 plus
435 915 504 966 sunt
525 913 613 985 potae
635 904 704 986 plus
727 906 868 967 sitiuntur
891 922 994 984 aquae.

279 991 317 1053 Et
339 991 375 1051 de
399 1009 520 1054 accessu
543 991 617 1052 haee
640 990 719 1052 diota
742 991 896 1052 sufficiant.

281 1074 398 1138 Titulus
429 1074 496 1137 talis
525 1083 584 1138 est:
619 1075 725 1156 Incipit
756 1074 884 1137 Troilus.
929 1077 984 1138 Hic
1013 1075 1091 1138 liber
1119 1083 1164 1138 est

199 1161 296 1224 dictus
318 1160 437 1222 Troilus
465 1169 587 1242 propter
613 1161 761 1240 quandam
789 1161 1012 1222 similitudinem
1035 1162 1165 1223 nominis

196 1246 285 1307 modo
307 1253 543 1324 competentem,
574 1254 607 1308 ut
629 1245 849 1326 Troilusquod
873 1246 1014 1318 TroicuS,
1043 1265 1111 1308 oum
1135 1253 1165 1308 et

194 1332 258 1409 ipse
280 1333 404 1392 Troicus
426 1333 518 1392 luerit
539 1339 568 1392 et
583 1329 707 1409 Trojani
729 1334 809 1410 regis
831 1349 884 1393 seu
901 1331 1011 1392 Priami
1032 1330 1112 1392 lilius
1135 1341 1165 1393 et

196 1415 286 1478 fortia
320 1416 397 1477 lacta
425 1418 456 1486 iu
490 1415 596 1477 eodem
630 1414 709 1478 bello
741 1418 880 1495 gesserit,
912 1414 957 1476 rel
986 1414 1054 1476 ideo
1083 1415 1165 1494 quod

196 1499 278 1562 idem
294 1499 415 1562 Troilus
437 1500 562 1563 fratrum
585 1519 707 1562 suorum
730 1504 874 1563 minimus
897 1508 961 1562 erat
983 1508 1013 1562 et
1030 1499 1163 1572 ultimus,

198 1592 336 1647 strenuus
364 1592 480 1656 tomen,
513 1594 543 1648 et
571 1586 621 1646 hic
648 1584 725 1646 liber
753 1587 819 1666 quia
849 1587 885 1646 de
914 1585 1016 1647 eadem
1039 1587 1164 1647 materia

199 1678 244 1733 est
267 1679 432 1742 extremus,
462 1670 544 1732 utilis
573 1679 670 1731 tamen
694 1671 745 1733 tali
769 1680 814 1732 est
836 1671 956 1731 nomine
980 1689 1038 1732 non
1062 1673 1164 1732 incon·

197 1773 271 1834 grue
294 1755 459 1836 appellatus
481 1763 558 1817 teste
580 1757 704 1818 Horatio
727 1751 794 1840 [Ars
817 1763 896 1836 poet.
920 1751 976 1834 58]

278 1857 284 1870 ·
690 1841 774 1902 licuit
796 1856 976 1919 semperque
989 1827 1101 1902 licebit

261 1925 415 2002 Signatum
438 1933 596 2006 praesente
617 1933 687 1988 nota
711 1926 879 2006 producere
902 1941 1009 1986 nomen
1019 1921 1051 2004 ¹).

283 2011 321 2072 Et
335 2018 368 2072 ut
382 2010 501 2072 laoilius
517 2008 609 2072 lector
622 2020 775 2092 quaequae
792 2010 909 2088 quaerit
923 2011 1055 2075 inveniat
1069 2017 1163 2072 totum

197 2113 272 2176 opus
294 2104 361 2157 ante
385 2095 591 2156 distinctiones
613 2113 668 2175 per
690 2093 818 2175 capitula
843 2094 983 2156 declarat.

520 2260 581 2326 Du
603 2260 840 2326 PROOEMIO.

280 2402 417 2478 Impetus
431 2405 482 2464 itte
496 2419 586 2464 socer
600 2408 629 2462 et
641 2408 755 2464 cetero.
792 2402 854 2462 Hoc
869 2404 1057 2481 prooemium
1078 2418 1165 2480 prae·

199 2487 291 2548 mittit
313 2494 418 2546 auctor
440 2484 597 2566 principali
619 2490 773 2567 proposito
797 2504 941 2548 excusans
964 2503 995 2544 se
1018 2502 1107 2563 super
1130 2503 1165 2544 eo

198 2571 276 2650 quod
306 2570 479 2631 hexametro
508 2579 537 2630 et
564 2579 751 2649 pentametro
781 2570 928 2649 processit
955 2577 1068 2637 metro,
1096 2586 1165 2629 cum

198 2664 281 2734 gesta
310 2655 433 2716 sortium
462 2653 597 2736 etbella
620 2655 710 2716 scribi
734 2653 898 2715 debeantur
925 2659 1020 2730 metro
1043 2652 1165 2714 heroico

197 2748 230 2802 ut
252 2741 339 2802 docet
360 2741 499 2802 Horatius
521 2741 551 2800 in
574 2742 691 2818 poetica
715 2739 750 2818 (v.
775 2734 825 2817 Pi3)

260 2826 320 2887 Res
342 2830 443 2904 gestae
465 2841 630 2905 regumque
645 2824 824 2904 'ducumque
848 2830 877 2884 et
900 2823 986 2884 fortia
1008 2820 1117 2899 bella2)

262 2910 327 2982 Ouo
349 2908 440 2971 scribi
464 2917 521 2972 etc.

199 3003 228 3057 et
249 2995 340 3074 bujus
362 2995 431 3056 libri
455 2999 577 3057 materia
601 2995 639 3056 sit
653 3011 760 3074 ‘pugna
778 2993 909 3054 virorum
925 2991 1081 3064 nobilium,
1105 2993 1164 3055 lor·

198 3082 273 3142 tium
302 3087 331 3142 et
357 3087 565 3157 magnatorum
593 3088 622 3141 et
649 3089 749 3141 tamen
786 3077 836 3139 tali
870 3079 1004 3140 carmine
1036 3097 1096 3141 non
1129 3080 1166 3140 sit

198 3163 330 3245 prolata3
354 3167 507 3246 proposito
529 3166 677 3245 siquidem
694 3165 773 3242 quod
789 3165 899 3227 invitus
918 3164 995 3226 hanc
1010 3166 1165 3227 materiam

198 3319 401 3328 Ἠ

268 3401 295 3468 1)
325 3403 405 3470 Apud
434 3403 593 3456 Horatium:
623 3401 775 3470 procudere
807 3417 954 3454 nummum.
1028 3397 1058 3466 2)
1088 3396 1184 3466 Apud¹

198 3471 296 3523 Horat.
314 3473 407 3524 tristia
424 3473 453 3526 b.
