<?xml version="1.0" encoding="UTF-8"?>
<!DOCTYPE html PUBLIC "-//W3C//DTD XHTML 1.0 Transitional//EN"
    "http://www.w3.org/TR/xhtml1/DTD/xhtml1-transitional.dtd">
<html xmlns="http://www.w3.org/1999/xhtml" xml:lang="en" lang="en">
 <head>
  <title>
</title>
<meta http-equiv="Content-Type" content="text/html;charset=utf-8" />
  <meta name='ocr-system' content='tesseract 3.04.00' />
  <meta name='ocr-capabilities' content='ocr_page ocr_carea ocr_par ocr_line ocrx_word'/>
</head>
<body>
  <div class='ocr_page' id='page_1' title='image "./troilusalbertis02albegoog_0078.png"; bbox 0 0 2592 3978; ppageno 0'>
   <div class='ocr_carea' id='block_1_1' title="bbox 452 175 1149 264">
    <p class='ocr_par' dir='ltr' id='par_1_1' title="bbox 452 175 1149 264">
     <span class='ocr_line' id='line_1_1' title="bbox 452 175 1149 264; baseline 0.016 -12"><span class='ocrx_word' id='word_1_1' title='bbox 452 201 512 252; x_wconf 77' lang='lat' dir='ltr'>nro.</span> <span class='ocrx_word' id='word_1_2' title='bbox 530 201 566 255; x_wconf 90' lang='lat'>11.</span> <span class='ocrx_word' id='word_1_3' title='bbox 602 217 627 254; x_wconf 80' lang='lat' dir='ltr'>v.</span> <span class='ocrx_word' id='word_1_4' title='bbox 647 202 789 253; x_wconf 71' lang='lat' dir='ltr'>ere-tn.</span> <span class='ocrx_word' id='word_1_5' title='bbox 1039 197 1107 264; x_wconf 71' lang='lat'>,53</span> <span class='ocrx_word' id='word_1_6' title='bbox 1148 175 1149 180; x_wconf 6' lang='grc' dir='ltr'>ἵ</span> 
     </span>
    </p>
   </div>
   <div class='ocr_carea' id='block_1_2' title="bbox 227 347 1020 406">
    <p class='ocr_par' dir='ltr' id='par_1_2' title="bbox 227 347 1020 406">
     <span class='ocr_line' id='line_1_2' title="bbox 227 347 1020 406; baseline 0.003 -2"><span class='ocrx_word' id='word_1_7' title='bbox 227 348 414 405; x_wconf 81' lang='lat' dir='ltr'>DIOMEDES</span> <span class='ocrx_word' id='word_1_8' title='bbox 431 348 479 402; x_wconf 83' lang='grc' dir='ltr'>ΕΤ</span> <span class='ocrx_word' id='word_1_9' title='bbox 496 347 626 402; x_wconf 84' lang='lat' dir='ltr'>ULIXES</span> <span class='ocrx_word' id='word_1_10' title='bbox 644 347 819 404; x_wconf 82' lang='lat' dir='ltr'>REDEUNT</span> <span class='ocrx_word' id='word_1_11' title='bbox 837 347 1020 406; x_wconf 83' lang='lat' dir='ltr'>TENEDON.</span> 
     </span>
    </p>
   </div>
   <div class='ocr_carea' id='block_1_3' title="bbox 74 453 1109 1633">
    <p class='ocr_par' dir='ltr' id='par_1_3' title="bbox 74 453 1109 1633">
     <span class='ocr_line' id='line_1_3' title="bbox 143 453 900 533; baseline -0.005 -16"><span class='ocrx_word' id='word_1_12' title='bbox 143 457 248 533; x_wconf 83' lang='lat' dir='ltr'>Legati</span> <span class='ocrx_word' id='word_1_13' title='bbox 269 455 399 516; x_wconf 90' lang='lat' dir='ltr'>redeunt</span> <span class='ocrx_word' id='word_1_14' title='bbox 420 453 572 524; x_wconf 80' lang='lat' dir='ltr'>Tenedon,</span> <span class='ocrx_word' id='word_1_15' title='bbox 597 455 724 532; x_wconf 83' lang='lat' dir='ltr'>regique</span> <span class='ocrx_word' id='word_1_16' title='bbox 745 454 900 515; x_wconf 89' lang='lat' dir='ltr'>revolvunt</span> 
     </span>
     <span class='ocr_line' id='line_1_4' title="bbox 185 537 931 619; baseline -0.005 -18"><span class='ocrx_word' id='word_1_17' title='bbox 185 541 301 610; x_wconf 85' lang='lat' dir='ltr'>Omnia,</span> <span class='ocrx_word' id='word_1_18' title='bbox 326 557 402 616; x_wconf 91' lang='lat' dir='ltr'>quae</span> <span class='ocrx_word' id='word_1_19' title='bbox 424 538 560 599; x_wconf 75' lang='lat' dir='ltr'><strong>Priamus</strong></span> <span class='ocrx_word' id='word_1_20' title='bbox 583 537 697 598; x_wconf 81' lang='lat' dir='ltr'>dixerat</span> <span class='ocrx_word' id='word_1_21' title='bbox 720 548 807 619; x_wconf 88' lang='lat' dir='ltr'>atque</span> <span class='ocrx_word' id='word_1_22' title='bbox 830 541 931 600; x_wconf 85' lang='lat' dir='ltr'>retert.</span> 
     </span>
     <span class='ocr_line' id='line_1_5' title="bbox 141 622 843 702; baseline -0.006 -16"><span class='ocrx_word' id='word_1_23' title='bbox 141 625 190 686; x_wconf 88' lang='lat' dir='ltr'>Nil</span> <span class='ocrx_word' id='word_1_24' title='bbox 213 622 291 684; x_wconf 91' lang='lat' dir='ltr'>aliud</span> <span class='ocrx_word' id='word_1_25' title='bbox 315 632 427 684; x_wconf 88' lang='lat' dir='ltr'>restare</span> <span class='ocrx_word' id='word_1_26' title='bbox 451 623 544 702; x_wconf 91' lang='lat' dir='ltr'>liquet</span> <span class='ocrx_word' id='word_1_27' title='bbox 566 625 622 684; x_wconf 89' lang='lat' dir='ltr'>nisi</span> <span class='ocrx_word' id='word_1_28' title='bbox 644 623 733 684; x_wconf 85' lang='lat' dir='ltr'>sortia</span> <span class='ocrx_word' id='word_1_29' title='bbox 757 623 843 694; x_wconf 89' lang='lat' dir='ltr'>bella,</span> 
     </span>
     <span class='ocr_line' id='line_1_6' title="bbox 185 709 855 771; baseline -0.001 -1"><span class='ocrx_word' id='word_1_30' title='bbox 185 711 316 770; x_wconf 76' lang='lat' dir='ltr'>Fortiter</span> <span class='ocrx_word' id='word_1_31' title='bbox 337 711 368 769; x_wconf 92' lang='lat' dir='ltr'>in</span> <span class='ocrx_word' id='word_1_32' title='bbox 392 709 485 770; x_wconf 85' lang='lat' dir='ltr'>lortes</span> <span class='ocrx_word' id='word_1_33' title='bbox 508 726 591 771; x_wconf 89' lang='lat' dir='ltr'>arma</span> <span class='ocrx_word' id='word_1_34' title='bbox 613 709 733 771; x_wconf 90' lang='lat' dir='ltr'>movere</span> <span class='ocrx_word' id='word_1_35' title='bbox 756 727 855 770; x_wconf 90' lang='lat' dir='ltr'>manu.</span> 
     </span>
     <span class='ocr_line' id='line_1_7' title="bbox 147 793 1109 873; baseline -0.005 -19"><span class='ocrx_word' id='word_1_36' title='bbox 147 794 233 854; x_wconf 86' lang='lat' dir='ltr'>Unde</span> <span class='ocrx_word' id='word_1_37' title='bbox 254 802 380 872; x_wconf 84' lang='lat' dir='ltr'>repente</span> <span class='ocrx_word' id='word_1_38' title='bbox 401 795 511 872; x_wconf 81' lang='lat' dir='ltr'>gradus</span> <span class='ocrx_word' id='word_1_39' title='bbox 534 802 579 854; x_wconf 88' lang='lat' dir='ltr'>est</span> <span class='ocrx_word' id='word_1_40' title='bbox 600 795 841 873; x_wconf 87' lang='lat' dir='ltr'>praecipitandus</span> <span class='ocrx_word' id='word_1_41' title='bbox 863 798 894 855; x_wconf 91' lang='lat' dir='ltr'>in</span> <span class='ocrx_word' id='word_1_42' title='bbox 917 793 1025 864; x_wconf 88' lang='lat' dir='ltr'>hostes,</span> <span class='ocrx_word' id='word_1_43' title='bbox 1059 802 1109 850; x_wconf 77' lang='lat'>420</span> 
     </span>
     <span class='ocr_line' id='line_1_8' title="bbox 187 878 916 957; baseline 0 -19"><span class='ocrx_word' id='word_1_44' title='bbox 187 878 261 938; x_wconf 88' lang='lat' dir='ltr'>Nam</span> <span class='ocrx_word' id='word_1_45' title='bbox 285 878 351 949; x_wconf 91' lang='lat' dir='ltr'>sibi,</span> <span class='ocrx_word' id='word_1_46' title='bbox 375 881 426 956; x_wconf 91' lang='lat' dir='ltr'>qui</span> <span class='ocrx_word' id='word_1_47' title='bbox 447 880 545 957; x_wconf 91' lang='lat' dir='ltr'>parcit</span> <span class='ocrx_word' id='word_1_48' title='bbox 566 878 712 950; x_wconf 68' lang='lat' dir='ltr'>hostibus</span> <span class='ocrx_word' id='word_1_49' title='bbox 736 879 828 940; x_wconf 90' lang='lat' dir='ltr'>hostis</span> <span class='ocrx_word' id='word_1_50' title='bbox 851 880 916 939; x_wconf 91' lang='lat' dir='ltr'>erit.</span> 
     </span>
     <span class='ocr_line' id='line_1_9' title="bbox 146 962 849 1034; baseline 0.001 -11"><span class='ocrx_word' id='word_1_51' title='bbox 146 963 212 1023; x_wconf 90' lang='lat' dir='ltr'>Huc</span> <span class='ocrx_word' id='word_1_52' title='bbox 235 962 271 1024; x_wconf 91' lang='lat' dir='ltr'>de</span> <span class='ocrx_word' id='word_1_53' title='bbox 294 962 419 1024; x_wconf 91' lang='lat' dir='ltr'>consilio</span> <span class='ocrx_word' id='word_1_54' title='bbox 441 971 557 1025; x_wconf 91' lang='lat' dir='ltr'>maturo</span> <span class='ocrx_word' id='word_1_55' title='bbox 579 965 715 1024; x_wconf 87' lang='lat' dir='ltr'>venimus</span> <span class='ocrx_word' id='word_1_56' title='bbox 737 982 849 1034; x_wconf 92' lang='lat' dir='ltr'>omnes,</span> 
     </span>
     <span class='ocr_line' id='line_1_10' title="bbox 189 1046 909 1126; baseline -0.003 -16"><span class='ocrx_word' id='word_1_57' title='bbox 189 1047 285 1110; x_wconf 80' lang='lat' dir='ltr'>Credo</span> <span class='ocrx_word' id='word_1_58' title='bbox 309 1046 508 1108; x_wconf 89' lang='lat' dir='ltr'>verecundum</span> <span class='ocrx_word' id='word_1_59' title='bbox 531 1057 647 1108; x_wconf 84' lang='lat' dir='ltr'>vertere</span> <span class='ocrx_word' id='word_1_60' title='bbox 669 1056 752 1109; x_wconf 91' lang='lat' dir='ltr'>retro</span> <span class='ocrx_word' id='word_1_61' title='bbox 775 1049 909 1126; x_wconf 77' lang='lat' dir='ltr'>gradum.</span> 
     </span>
     <span class='ocr_line' id='line_1_11' title="bbox 145 1130 972 1211; baseline 0 -18"><span class='ocrx_word' id='word_1_62' title='bbox 145 1132 211 1193; x_wconf 90' lang='lat' dir='ltr'>Non</span> <span class='ocrx_word' id='word_1_63' title='bbox 235 1130 538 1202; x_wconf 88' lang='lat' dir='ltr'>reddunt-Helenam,</span> <span class='ocrx_word' id='word_1_64' title='bbox 561 1140 732 1211; x_wconf 80' lang='lat' dir='ltr'>repetamus</span> <span class='ocrx_word' id='word_1_65' title='bbox 756 1133 869 1194; x_wconf 89' lang='lat' dir='ltr'>viribus</span> <span class='ocrx_word' id='word_1_66' title='bbox 892 1130 972 1193; x_wconf 93' lang='lat' dir='ltr'>illam</span> 
     </span>
     <span class='ocr_line' id='line_1_12' title="bbox 187 1216 1106 1298; baseline -0.004 -21"><span class='ocrx_word' id='word_1_67' title='bbox 187 1216 308 1295; x_wconf 86' lang='lat' dir='ltr'>Optima</span> <span class='ocrx_word' id='word_1_68' title='bbox 330 1216 476 1277; x_wconf 89' lang='lat' dir='ltr'>vindictae</span> <span class='ocrx_word' id='word_1_69' title='bbox 499 1220 636 1296; x_wconf 81' lang='lat' dir='ltr'>proxima</span> <span class='ocrx_word' id='word_1_70' title='bbox 657 1236 793 1298; x_wconf 91' lang='lat' dir='ltr'>quaeque</span> <span class='ocrx_word' id='word_1_71' title='bbox 816 1219 887 1278; x_wconf 77' lang='lat' dir='ltr'>dies,</span> <span class='ocrx_word' id='word_1_72' title='bbox 1057 1225 1106 1274; x_wconf 76' lang='lat'>425</span> 
     </span>
     <span class='ocr_line' id='line_1_13' title="bbox 112 1300 1003 1380; baseline 0.001 -19"><span class='ocrx_word' id='word_1_73' title='bbox 112 1341 123 1356; x_wconf 32' lang='grc' dir='ltr'>ιι</span> <span class='ocrx_word' id='word_1_74' title='bbox 141 1301 216 1361; x_wconf 88' lang='lat' dir='ltr'>Nam</span> <span class='ocrx_word' id='word_1_75' title='bbox 241 1319 323 1362; x_wconf 91' lang='lat' dir='ltr'>mora</span> <span class='ocrx_word' id='word_1_76' title='bbox 345 1300 395 1361; x_wconf 92' lang='lat' dir='ltr'>dat</span> <span class='ocrx_word' id='word_1_77' title='bbox 416 1303 505 1371; x_wconf 89' lang='lat' dir='ltr'>vires,</span> <span class='ocrx_word' id='word_1_78' title='bbox 526 1300 629 1380; x_wconf 88' lang='lat' dir='ltr'>plures</span> <span class='ocrx_word' id='word_1_79' title='bbox 651 1320 733 1362; x_wconf 92' lang='lat' dir='ltr'>mora</span> <span class='ocrx_word' id='word_1_80' title='bbox 757 1301 872 1380; x_wconf 84' lang='lat' dir='ltr'>colligit</span> <span class='ocrx_word' id='word_1_81' title='bbox 894 1302 1003 1370; x_wconf 89' lang='lat' dir='ltr'>hostes,</span> 
     </span>
     <span class='ocr_line' id='line_1_14' title="bbox 188 1383 846 1465; baseline 0.002 -21"><span class='ocrx_word' id='word_1_82' title='bbox 188 1385 295 1463; x_wconf 89' lang='lat' dir='ltr'>Sicque</span> <span class='ocrx_word' id='word_1_83' title='bbox 318 1387 349 1446; x_wconf 85' lang='lat' dir='ltr'>fit</span> <span class='ocrx_word' id='word_1_84' title='bbox 371 1394 404 1445; x_wconf 92' lang='lat' dir='ltr'>nt</span> <span class='ocrx_word' id='word_1_85' title='bbox 425 1383 526 1464; x_wconf 92' lang='lat' dir='ltr'>populi</span> <span class='ocrx_word' id='word_1_86' title='bbox 550 1389 634 1465; x_wconf 87' lang='lat' dir='ltr'>copia</span> <span class='ocrx_word' id='word_1_87' title='bbox 657 1393 779 1460; x_wconf 73' lang='lat' dir='ltr'>crescat¹</span> <span class='ocrx_word' id='word_1_88' title='bbox 794 1389 846 1447; x_wconf 87' lang='lat' dir='ltr'>eis.</span> 
     </span>
     <span class='ocr_line' id='line_1_15' title="bbox 141 1469 1023 1550; baseline 0.001 -20"><span class='ocrx_word' id='word_1_89' title='bbox 141 1469 187 1530; x_wconf 84' lang='lat' dir='ltr'>Sit</span> <span class='ocrx_word' id='word_1_90' title='bbox 208 1469 340 1530; x_wconf 91' lang='lat' dir='ltr'>subitum</span> <span class='ocrx_word' id='word_1_91' title='bbox 363 1470 553 1550; x_wconf 84' lang='lat' dir='ltr'>quidcunque</span> <span class='ocrx_word' id='word_1_92' title='bbox 576 1489 677 1549; x_wconf 89' lang='lat' dir='ltr'>paras;</span> <span class='ocrx_word' id='word_1_93' title='bbox 703 1488 782 1530; x_wconf 90' lang='lat' dir='ltr'>nunc</span> <span class='ocrx_word' id='word_1_94' title='bbox 805 1470 927 1531; x_wconf 89' lang='lat' dir='ltr'>dieitur:</span> <span class='ocrx_word' id='word_1_95' title='bbox 953 1488 1023 1548; x_wconf 86' lang='lat' dir='ltr'>ergo</span> 
     </span>
     <span class='ocr_line' id='line_1_16' title="bbox 74 1539 777 1633; baseline 0.003 -20"><span class='ocrx_word' id='word_1_96' title='bbox 74 1539 84 1562; x_wconf 69' lang='lat'><strong><em>⁶</em></strong></span> <span class='ocrx_word' id='word_1_97' title='bbox 183 1554 316 1614; x_wconf 85' lang='lat' dir='ltr'>Festinet</span> <span class='ocrx_word' id='word_1_98' title='bbox 337 1554 456 1631; x_wconf 77' lang='lat' dir='ltr'>gladius</span> <span class='ocrx_word' id='word_1_99' title='bbox 479 1555 519 1614; x_wconf 92' lang='lat' dir='ltr'>ad·</span> <span class='ocrx_word' id='word_1_100' title='bbox 537 1554 673 1633; x_wconf 84' lang='lat' dir='ltr'>juvenile</span> <span class='ocrx_word' id='word_1_101' title='bbox 690 1555 777 1616; x_wconf 87' lang='lat' dir='ltr'>latus.</span> 
     </span>
    </p>
   </div>
   <div class='ocr_carea' id='block_1_4' title="bbox 255 1733 990 1801">
    <p class='ocr_par' dir='ltr' id='par_1_4' title="bbox 255 1733 990 1801">
     <span class='ocr_line' id='line_1_17' title="bbox 255 1733 990 1801; baseline 0.003 -13"><span class='ocrx_word' id='word_1_102' title='bbox 255 1733 416 1788; x_wconf 80' lang='lat' dir='ltr'>PRIAMUS</span> <span class='ocrx_word' id='word_1_103' title='bbox 434 1733 617 1790; x_wconf 67' lang='lat' dir='ltr'>cornuum</span> <span class='ocrx_word' id='word_1_104' title='bbox 634 1734 821 1801; x_wconf 79' lang='lat' dir='ltr'>QUOSQUOS</span> <span class='ocrx_word' id='word_1_105' title='bbox 840 1735 990 1791; x_wconf 72' lang='lat' dir='ltr'>ronuta.</span> 
     </span>
    </p>
   </div>
   <div class='ocr_carea' id='block_1_5' title="bbox 143 1873 1109 2882">
    <p class='ocr_par' dir='ltr' id='par_1_5' title="bbox 145 1873 1109 2036">
     <span class='ocr_line' id='line_1_18' title="bbox 145 1873 1109 1953; baseline 0.001 -20"><span class='ocrx_word' id='word_1_106' title='bbox 145 1873 207 1933; x_wconf 88' lang='lat' dir='ltr'>Nec</span> <span class='ocrx_word' id='word_1_107' title='bbox 230 1874 366 1934; x_wconf 90' lang='lat' dir='ltr'>Priamus</span> <span class='ocrx_word' id='word_1_108' title='bbox 387 1881 501 1952; x_wconf 83' lang='lat' dir='ltr'>pausat,</span> <span class='ocrx_word' id='word_1_109' title='bbox 524 1892 666 1953; x_wconf 80' lang='lat' dir='ltr'>proceres</span> <span class='ocrx_word' id='word_1_110' title='bbox 689 1893 756 1936; x_wconf 93' lang='lat' dir='ltr'>cum</span> <span class='ocrx_word' id='word_1_111' title='bbox 780 1875 906 1937; x_wconf 81' lang='lat' dir='ltr'>sortibus</span> <span class='ocrx_word' id='word_1_112' title='bbox 929 1879 1010 1937; x_wconf 90' lang='lat' dir='ltr'>omni</span> <span class='ocrx_word' id='word_1_113' title='bbox 1058 1886 1109 1935; x_wconf 84' lang='lat'>430</span> 
     </span>
     <span class='ocr_line' id='line_1_19' title="bbox 186 1956 752 2036; baseline 0.004 -20"><span class='ocrx_word' id='word_1_114' title='bbox 186 1957 253 2036; x_wconf 91' lang='lat' dir='ltr'>lpse</span> <span class='ocrx_word' id='word_1_115' title='bbox 276 1956 454 2018; x_wconf 88' lang='lat' dir='ltr'>satellitibus</span> <span class='ocrx_word' id='word_1_116' title='bbox 476 1978 492 2020; x_wconf 90' lang='lat' dir='ltr'>e</span> <span class='ocrx_word' id='word_1_117' title='bbox 514 1961 637 2036; x_wconf 86' lang='lat' dir='ltr'>regione</span> <span class='ocrx_word' id='word_1_118' title='bbox 660 1968 752 2020; x_wconf 92' lang='lat' dir='ltr'>vocat.</span> 
     </span>
    </p>

    <p class='ocr_par' dir='ltr' id='par_1_6' title="bbox 145 2042 878 2206">
     <span class='ocr_line' id='line_1_20' title="bbox 145 2042 872 2121; baseline 0.006 -20"><span class='ocrx_word' id='word_1_119' title='bbox 145 2042 217 2101; x_wconf 90' lang='lat' dir='ltr'>lude</span> <span class='ocrx_word' id='word_1_120' title='bbox 241 2059 345 2102; x_wconf 88' lang='lat' dir='ltr'>manus</span> <span class='ocrx_word' id='word_1_121' title='bbox 367 2043 464 2120; x_wconf 89' lang='lat' dir='ltr'>aperit</span> <span class='ocrx_word' id='word_1_122' title='bbox 485 2045 619 2105; x_wconf 88' lang='lat' dir='ltr'>irrorans</span> <span class='ocrx_word' id='word_1_123' title='bbox 641 2051 761 2121; x_wconf 89' lang='lat' dir='ltr'>pectora</span> <span class='ocrx_word' id='word_1_124' title='bbox 784 2045 872 2106; x_wconf 93' lang='lat' dir='ltr'>donis</span> 
     </span>
     <span class='ocr_line' id='line_1_21' title="bbox 188 2125 878 2206; baseline 0.007 -20"><span class='ocrx_word' id='word_1_125' title='bbox 188 2125 226 2186; x_wconf 86' lang='lat' dir='ltr'>Et</span> <span class='ocrx_word' id='word_1_126' title='bbox 247 2133 308 2186; x_wconf 90' lang='lat' dir='ltr'>tam</span> <span class='ocrx_word' id='word_1_127' title='bbox 331 2127 474 2205; x_wconf 88' lang='lat' dir='ltr'>pollicitis</span> <span class='ocrx_word' id='word_1_128' title='bbox 495 2145 584 2206; x_wconf 92' lang='lat' dir='ltr'>quam</span> <span class='ocrx_word' id='word_1_129' title='bbox 607 2129 699 2189; x_wconf 91' lang='lat' dir='ltr'>trahit</span> <span class='ocrx_word' id='word_1_130' title='bbox 720 2127 770 2189; x_wconf 88' lang='lat' dir='ltr'>ille</span> <span class='ocrx_word' id='word_1_131' title='bbox 793 2129 878 2191; x_wconf 85' lang='lat' dir='ltr'>datis.</span> 
     </span>
    </p>

    <p class='ocr_par' dir='ltr' id='par_1_7' title="bbox 144 2209 1107 2358">
     <span class='ocr_line' id='line_1_22' title="bbox 144 2209 954 2292; baseline 0.009 -24"><span class='ocrx_word' id='word_1_132' title='bbox 144 2209 215 2270; x_wconf 85' lang='lat' dir='ltr'>Eius</span> <span class='ocrx_word' id='word_1_133' title='bbox 237 2213 267 2271; x_wconf 88' lang='lat' dir='ltr'>in</span> <span class='ocrx_word' id='word_1_134' title='bbox 291 2211 434 2271; x_wconf 86' lang='lat' dir='ltr'>auxilium</span> <span class='ocrx_word' id='word_1_135' title='bbox 455 2220 598 2291; x_wconf 82' lang='lat' dir='ltr'>properat</span> <span class='ocrx_word' id='word_1_136' title='bbox 620 2231 680 2274; x_wconf 91' lang='lat' dir='ltr'>nou</span> <span class='ocrx_word' id='word_1_137' title='bbox 702 2231 796 2292; x_wconf 92' lang='lat' dir='ltr'>pauca</span> <span class='ocrx_word' id='word_1_138' title='bbox 815 2213 954 2292; x_wconf 87' lang='lat' dir='ltr'>juventus</span> 
     </span>
     <span class='ocr_line' id='line_1_23' title="bbox 187 2293 1107 2358; baseline 0.002 -4"><span class='ocrx_word' id='word_1_139' title='bbox 187 2293 308 2354; x_wconf 85' lang='lat' dir='ltr'>lllilrtiae</span> <span class='ocrx_word' id='word_1_140' title='bbox 332 2294 459 2355; x_wconf 89' lang='lat' dir='ltr'>celebris</span> <span class='ocrx_word' id='word_1_141' title='bbox 481 2295 610 2358; x_wconf 82' lang='lat' dir='ltr'>lontibus</span> <span class='ocrx_word' id='word_1_142' title='bbox 633 2305 717 2357; x_wconf 91' lang='lat' dir='ltr'>aucta</span> <span class='ocrx_word' id='word_1_143' title='bbox 741 2299 820 2358; x_wconf 89' lang='lat' dir='ltr'>viris.</span> <span class='ocrx_word' id='word_1_144' title='bbox 1056 2307 1107 2356; x_wconf 82' lang='lat'>435</span> 
     </span>
    </p>

    <p class='ocr_par' dir='ltr' id='par_1_8' title="bbox 144 2377 846 2545">
     <span class='ocr_line' id='line_1_24' title="bbox 144 2377 846 2450; baseline 0.003 -10"><span class='ocrx_word' id='word_1_145' title='bbox 144 2379 300 2440; x_wconf 79' lang='lat' dir='ltr'>Advertere</span> <span class='ocrx_word' id='word_1_146' title='bbox 323 2377 413 2440; x_wconf 87' lang='lat' dir='ltr'>duces</span> <span class='ocrx_word' id='word_1_147' title='bbox 434 2380 568 2450; x_wconf 79' lang='lat' dir='ltr'>infortes,</span> <span class='ocrx_word' id='word_1_148' title='bbox 592 2381 740 2442; x_wconf 89' lang='lat' dir='ltr'>mentibus</span> <span class='ocrx_word' id='word_1_149' title='bbox 762 2401 846 2442; x_wconf 87' lang='lat' dir='ltr'>acres</span> 
     </span>
     <span class='ocr_line' id='line_1_25' title="bbox 189 2461 837 2545; baseline 0.008 -24"><span class='ocrx_word' id='word_1_150' title='bbox 189 2461 253 2522; x_wconf 89' lang='lat' dir='ltr'>Non</span> <span class='ocrx_word' id='word_1_151' title='bbox 277 2463 357 2522; x_wconf 93' lang='lat' dir='ltr'>dubii</span> <span class='ocrx_word' id='word_1_152' title='bbox 380 2482 474 2543; x_wconf 90' lang='lat' dir='ltr'>prono</span> <span class='ocrx_word' id='word_1_153' title='bbox 497 2473 619 2542; x_wconf 90' lang='lat' dir='ltr'>pectore</span> <span class='ocrx_word' id='word_1_154' title='bbox 643 2465 719 2526; x_wconf 89' lang='lat' dir='ltr'>hella</span> <span class='ocrx_word' id='word_1_155' title='bbox 744 2469 837 2545; x_wconf 92' lang='lat' dir='ltr'>sequi.</span> 
     </span>
    </p>

    <p class='ocr_par' dir='ltr' id='par_1_9' title="bbox 144 2546 1002 2714">
     <span class='ocr_line' id='line_1_26' title="bbox 144 2546 1002 2628; baseline 0.006 -22"><span class='ocrx_word' id='word_1_156' title='bbox 144 2546 308 2625; x_wconf 89' lang='lat' dir='ltr'>Sarpedon,</span> <span class='ocrx_word' id='word_1_157' title='bbox 332 2547 473 2618; x_wconf 82' lang='lat' dir='ltr'>Glaucus,</span> <span class='ocrx_word' id='word_1_158' title='bbox 496 2549 649 2619; x_wconf 78' lang='lat' dir='ltr'>Adrastus,</span> <span class='ocrx_word' id='word_1_159' title='bbox 672 2549 833 2620; x_wconf 89' lang='lat' dir='ltr'>Pandarus,</span> <span class='ocrx_word' id='word_1_160' title='bbox 857 2551 1002 2628; x_wconf 82' lang='lat' dir='ltr'>Amphor,</span> 
     </span>
     <span class='ocr_line' id='line_1_27' title="bbox 186 2629 908 2714; baseline 0.007 -23"><span class='ocrx_word' id='word_1_161' title='bbox 186 2629 303 2700; x_wconf 89' lang='lat' dir='ltr'>Peleus,</span> <span class='ocrx_word' id='word_1_162' title='bbox 325 2631 565 2708; x_wconf 81' lang='lat' dir='ltr'>Amphimachus,</span> <span class='ocrx_word' id='word_1_163' title='bbox 589 2633 731 2706; x_wconf 60' lang='lat' dir='ltr'>Ceramia</span> <span class='ocrx_word' id='word_1_164' title='bbox 754 2634 908 2714; x_wconf 88' lang='lat' dir='ltr'>thitides</span> 
     </span>
    </p>

    <p class='ocr_par' dir='ltr' id='par_1_10' title="bbox 143 2715 1109 2882">
     <span class='ocr_line' id='line_1_28' title="bbox 143 2715 1109 2794; baseline 0.003 -18"><span class='ocrx_word' id='word_1_165' title='bbox 143 2715 216 2776; x_wconf 85' lang='lat' dir='ltr'>Cum</span> <span class='ocrx_word' id='word_1_166' title='bbox 240 2716 343 2776; x_wconf 89' lang='lat' dir='ltr'>Pitano</span> <span class='ocrx_word' id='word_1_167' title='bbox 366 2717 505 2794; x_wconf 80' lang='lat' dir='ltr'>Canopes,</span> <span class='ocrx_word' id='word_1_168' title='bbox 527 2737 594 2778; x_wconf 90' lang='lat' dir='ltr'>cum</span> <span class='ocrx_word' id='word_1_169' title='bbox 618 2719 826 2780; x_wconf 84' lang='lat' dir='ltr'>Residamante</span> <span class='ocrx_word' id='word_1_170' title='bbox 849 2719 982 2782; x_wconf 85' lang='lat' dir='ltr'>Corebus</span> <span class='ocrx_word' id='word_1_171' title='bbox 1058 2729 1109 2779; x_wconf 79' lang='lat' dir='ltr'>tto</span> 
     </span>
     <span class='ocr_line' id='line_1_29' title="bbox 185 2795 914 2882; baseline 0.005 -23"><span class='ocrx_word' id='word_1_172' title='bbox 185 2799 326 2879; x_wconf 78' lang='lat' dir='ltr'>llplricus,</span> <span class='ocrx_word' id='word_1_173' title='bbox 348 2801 504 2879; x_wconf 87' lang='lat' dir='ltr'>Eriplreus,</span> <span class='ocrx_word' id='word_1_174' title='bbox 529 2795 792 2882; x_wconf 67' lang='lat' dir='ltr'>cernentesque</span> <span class='ocrx_word' id='word_1_175' title='bbox 814 2805 914 2866; x_wconf 85' lang='lat' dir='ltr'>Caros.</span> 
     </span>
    </p>
   </div>
   <div class='ocr_carea' id='block_1_6' title="bbox 121 3033 1109 3576">
    <p class='ocr_par' dir='ltr' id='par_1_11' title="bbox 121 3033 1109 3576">
     <span class='ocr_line' id='line_1_30' title="bbox 210 3033 1107 3100; baseline 0.01 -17"><span class='ocrx_word' id='word_1_176' title='bbox 210 3033 238 3096; x_wconf 75' lang='lat'>*)</span> <span class='ocrx_word' id='word_1_177' title='bbox 257 3033 469 3100; x_wconf 84' lang='lat' dir='ltr'>Inscriptionern</span> <span class='ocrx_word' id='word_1_178' title='bbox 486 3038 546 3089; x_wconf 84' lang='lat' dir='ltr'>eod.</span> <span class='ocrx_word' id='word_1_179' title='bbox 563 3039 636 3090; x_wconf 84' lang='lat' dir='ltr'>mulo</span> <span class='ocrx_word' id='word_1_180' title='bbox 655 3039 752 3090; x_wconf 73' lang='lat' dir='ltr'>habete</span> <span class='ocrx_word' id='word_1_181' title='bbox 771 3039 919 3090; x_wconf 89' lang='lat' dir='ltr'>Diomedes</span> <span class='ocrx_word' id='word_1_182' title='bbox 937 3044 965 3089; x_wconf 86' lang='lat' dir='ltr'>et</span> <span class='ocrx_word' id='word_1_183' title='bbox 981 3039 1107 3092; x_wconf 83' lang='lat' dir='ltr'>Priamus</span> 
     </span>
     <span class='ocr_line' id='line_1_31' title="bbox 143 3100 451 3158; baseline 0.006 -8"><span class='ocrx_word' id='word_1_184' title='bbox 143 3100 260 3152; x_wconf 88' lang='lat' dir='ltr'>redeunt</span> <span class='ocrx_word' id='word_1_185' title='bbox 278 3102 314 3152; x_wconf 82' lang='lat' dir='ltr'>ad</span> <span class='ocrx_word' id='word_1_186' title='bbox 331 3101 451 3158; x_wconf 82' lang='lat' dir='ltr'>Ulixem.</span> 
     </span>
     <span class='ocr_line' id='line_1_32' title="bbox 210 3170 1107 3238; baseline 0.008 -19"><span class='ocrx_word' id='word_1_187' title='bbox 210 3170 270 3221; x_wconf 79' lang='lat' dir='ltr'>tuo.</span> <span class='ocrx_word' id='word_1_188' title='bbox 301 3171 456 3234; x_wconf 84' lang='lat' dir='ltr'>emargine</span> <span class='ocrx_word' id='word_1_189' title='bbox 476 3187 526 3237; x_wconf 88' lang='lat' dir='ltr'>pro</span> <span class='ocrx_word' id='word_1_190' title='bbox 546 3177 645 3238; x_wconf 85' lang='lat' dir='ltr'>opima.</span> <span class='ocrx_word' id='word_1_191' title='bbox 680 3171 732 3224; x_wconf 85' lang='lat' dir='ltr'>Or.</span> <span class='ocrx_word' id='word_1_192' title='bbox 756 3173 832 3225; x_wconf 88' lang='lat' dir='ltr'>Rern.</span> <span class='ocrx_word' id='word_1_193' title='bbox 857 3176 899 3227; x_wconf 85' lang='grc'>96.</span> <span class='ocrx_word' id='word_1_194' title='bbox 967 3177 1026 3225; x_wconf 83' lang='grc'><strong>426.</strong></span> <span class='ocrx_word' id='word_1_195' title='bbox 1057 3176 1107 3232; x_wconf 83' lang='lat' dir='ltr'>Or.</span> 
     </span>
     <span class='ocr_line' id='line_1_33' title="bbox 142 3234 1107 3308; baseline 0.015 -24"><span class='ocrx_word' id='word_1_196' title='bbox 142 3234 216 3286; x_wconf 82' lang='lat' dir='ltr'>Rem.</span> <span class='ocrx_word' id='word_1_197' title='bbox 235 3238 282 3287; x_wconf 83' lang='lat'>83:</span> <span class='ocrx_word' id='word_1_198' title='bbox 302 3237 373 3288; x_wconf 84' lang='lat' dir='ltr'>Nam</span> <span class='ocrx_word' id='word_1_199' title='bbox 391 3254 465 3290; x_wconf 88' lang='lat' dir='ltr'>mora</span> <span class='ocrx_word' id='word_1_200' title='bbox 483 3240 530 3290; x_wconf 83' lang='lat' dir='ltr'>dat</span> <span class='ocrx_word' id='word_1_201' title='bbox 548 3243 632 3306; x_wconf 84' lang='lat' dir='ltr'>vires,</span> <span class='ocrx_word' id='word_1_202' title='bbox 649 3247 759 3292; x_wconf 84' lang='lat' dir='ltr'>teneras</span> <span class='ocrx_word' id='word_1_203' title='bbox 777 3257 853 3292; x_wconf 84' lang='lat' dir='ltr'>mora</span> <span class='ocrx_word' id='word_1_204' title='bbox 871 3246 1014 3308; x_wconf 87' lang='lat' dir='ltr'>percoquit</span> <span class='ocrx_word' id='word_1_205' title='bbox 1031 3259 1107 3298; x_wconf 84' lang='lat' dir='ltr'>uvas.</span> 
     </span>
     <span class='ocr_line' id='line_1_34' title="bbox 141 3303 1109 3374; baseline 0.01 -22"><span class='ocrx_word' id='word_1_206' title='bbox 141 3304 200 3356; x_wconf 86' lang='grc'><strong>427.</strong></span> <span class='ocrx_word' id='word_1_207' title='bbox 227 3303 286 3354; x_wconf 92' lang='lat' dir='ltr'>cod.</span> <span class='ocrx_word' id='word_1_208' title='bbox 305 3305 387 3370; x_wconf 81' lang='lat' dir='ltr'>copia</span> <span class='ocrx_word' id='word_1_209' title='bbox 403 3307 505 3371; x_wconf 84' lang='lat' dir='ltr'>populi.</span> <span class='ocrx_word' id='word_1_210' title='bbox 574 3311 633 3360; x_wconf 85' lang='lat'>438.</span> <span class='ocrx_word' id='word_1_211' title='bbox 660 3309 766 3374; x_wconf 88' lang='lat' dir='ltr'>Ampon</span> <span class='ocrx_word' id='word_1_212' title='bbox 788 3309 876 3360; x_wconf 84' lang='lat' dir='ltr'>Dares</span> <span class='ocrx_word' id='word_1_213' title='bbox 898 3313 1021 3360; x_wconf 82' lang='lat' dir='ltr'>nominat</span> <span class='ocrx_word' id='word_1_214' title='bbox 1044 3313 1109 3362; x_wconf 80' lang='lat' dir='ltr'>Am·</span> 
     </span>
     <span class='ocr_line' id='line_1_35' title="bbox 141 3371 1109 3438; baseline 0.011 -19"><span class='ocrx_word' id='word_1_215' title='bbox 141 3371 279 3434; x_wconf 88' lang='lat' dir='ltr'>plrionem.</span> <span class='ocrx_word' id='word_1_216' title='bbox 348 3375 407 3424; x_wconf 77' lang='lat' dir='ltr'>tto.</span> <span class='ocrx_word' id='word_1_217' title='bbox 426 3375 536 3438; x_wconf 80' lang='lat' dir='ltr'>Margo:</span> <span class='ocrx_word' id='word_1_218' title='bbox 554 3376 612 3427; x_wconf 84' lang='lat' dir='ltr'>Iste</span> <span class='ocrx_word' id='word_1_219' title='bbox 631 3375 752 3427; x_wconf 72' lang='lat' dir='ltr'>corebus</span> <span class='ocrx_word' id='word_1_220' title='bbox 770 3377 900 3428; x_wconf 84' lang='lat' dir='ltr'>ducturus</span> <span class='ocrx_word' id='word_1_221' title='bbox 918 3385 977 3430; x_wconf 84' lang='lat' dir='ltr'>erat</span> <span class='ocrx_word' id='word_1_222' title='bbox 989 3378 1109 3430; x_wconf 78' lang='lat' dir='ltr'>Cassan·</span> 
     </span>
     <span class='ocr_line' id='line_1_36' title="bbox 141 3437 1107 3506; baseline 0.011 -20"><span class='ocrx_word' id='word_1_223' title='bbox 141 3437 217 3488; x_wconf 85' lang='lat' dir='ltr'>dram</span> <span class='ocrx_word' id='word_1_224' title='bbox 243 3438 329 3489; x_wconf 86' lang='lat' dir='ltr'>filiam</span> <span class='ocrx_word' id='word_1_225' title='bbox 356 3441 430 3506; x_wconf 84' lang='lat' dir='ltr'>regis</span> <span class='ocrx_word' id='word_1_226' title='bbox 453 3442 556 3492; x_wconf 81' lang='lat' dir='ltr'>Priami</span> <span class='ocrx_word' id='word_1_227' title='bbox 584 3450 612 3494; x_wconf 85' lang='lat' dir='ltr'>et</span> <span class='ocrx_word' id='word_1_228' title='bbox 634 3446 668 3494; x_wconf 94' lang='lat' dir='ltr'>ob</span> <span class='ocrx_word' id='word_1_229' title='bbox 687 3445 759 3495; x_wconf 84' lang='lat' dir='ltr'>hene</span> <span class='ocrx_word' id='word_1_230' title='bbox 785 3459 881 3496; x_wconf 85' lang='lat' dir='ltr'>versus</span> <span class='ocrx_word' id='word_1_231' title='bbox 899 3447 928 3494; x_wconf 93' lang='lat' dir='ltr'>in</span> <span class='ocrx_word' id='word_1_232' title='bbox 946 3446 1056 3502; x_wconf 85' lang='lat' dir='ltr'>bellum.</span> <span class='ocrx_word' id='word_1_233' title='bbox 1074 3473 1107 3483; x_wconf 89' lang='lat'><em>-</em></span> 
     </span>
     <span class='ocr_line' id='line_1_37' title="bbox 121 3504 768 3576; baseline 0.012 -22"><span class='ocrx_word' id='word_1_234' title='bbox 121 3529 125 3534; x_wconf 91' lang='lat'>·</span> <span class='ocrx_word' id='word_1_235' title='bbox 144 3504 264 3558; x_wconf 76' lang='lat' dir='ltr'>corebus</span> <span class='ocrx_word' id='word_1_236' title='bbox 283 3511 312 3557; x_wconf 88' lang='lat' dir='ltr'>et</span> <span class='ocrx_word' id='word_1_237' title='bbox 329 3508 425 3560; x_wconf 83' lang='lat' dir='ltr'>Dimes</span> <span class='ocrx_word' id='word_1_238' title='bbox 443 3509 554 3575; x_wconf 87' lang='lat' dir='ltr'>Virgilii</span> <span class='ocrx_word' id='word_1_239' title='bbox 574 3517 637 3560; x_wconf 88' lang='lat' dir='ltr'>sunt</span> <span class='ocrx_word' id='word_1_240' title='bbox 654 3511 692 3576; x_wconf 86' lang='grc' dir='ltr'>ΙΙ,</span> <span class='ocrx_word' id='word_1_241' title='bbox 711 3515 768 3562; x_wconf 88' lang='grc'>340.</span> 
     </span>
    </p>
   </div>
   <div class='ocr_carea' id='block_1_7' title="bbox 0 0 1300 3978">
    <p class='ocr_par' dir='ltr' id='par_1_12' title="bbox 0 0 1300 3978">
     <span class='ocr_line' id='line_1_38' title="bbox 0 0 1300 3978; baseline 0 1"><span class='ocrx_word' id='word_1_242' title='bbox 0 0 1300 3978; x_wconf 95' lang='lat' dir='ltr'> </span> 
     </span>
    </p>
   </div>
  </div>
 </body>
</html>
