<?xml version="1.0" encoding="UTF-8"?>
<!DOCTYPE html PUBLIC "-//W3C//DTD XHTML 1.0 Transitional//EN"
    "http://www.w3.org/TR/xhtml1/DTD/xhtml1-transitional.dtd">
<html xmlns="http://www.w3.org/1999/xhtml" xml:lang="en" lang="en">
 <head>
  <title>
</title>
<meta http-equiv="Content-Type" content="text/html;charset=utf-8" />
  <meta name='ocr-system' content='tesseract 3.04.00' />
  <meta name='ocr-capabilities' content='ocr_page ocr_carea ocr_par ocr_line ocrx_word'/>
</head>
<body>
  <div class='ocr_page' id='page_1' title='image "./troilusalbertis02albegoog_0095.png"; bbox 0 0 2590 3984; ppageno 0'>
   <div class='ocr_carea' id='block_1_1' title="bbox 186 173 829 270">
    <p class='ocr_par' dir='ltr' id='par_1_1' title="bbox 186 173 829 270">
     <span class='ocr_line' id='line_1_1' title="bbox 186 173 829 270; baseline 0.006 -10"><span class='ocrx_word' id='word_1_1' title='bbox 186 205 228 270; x_wconf 77' lang='lat'>70</span> <span class='ocrx_word' id='word_1_2' title='bbox 506 209 568 262; x_wconf 79' lang='lat' dir='ltr'>nro.</span> <span class='ocrx_word' id='word_1_3' title='bbox 588 208 639 260; x_wconf 89' lang='lat'><em>111.</em></span> <span class='ocrx_word' id='word_1_4' title='bbox 671 173 701 263; x_wconf 61' lang='lat' dir='ltr'>a.</span> <span class='ocrx_word' id='word_1_5' title='bbox 720 209 829 264; x_wconf 76' lang='lat' dir='ltr'>io-ae.</span> 
     </span>
    </p>
   </div>
   <div class='ocr_carea' id='block_1_2' title="bbox 188 359 1034 1776">
    <p class='ocr_par' dir='ltr' id='par_1_2' title="bbox 231 359 994 440">
     <span class='ocr_line' id='line_1_2' title="bbox 231 359 994 440; baseline 0.001 -19"><span class='ocrx_word' id='word_1_6' title='bbox 231 359 373 422; x_wconf 84' lang='lat' dir='ltr'>Foemina</span> <span class='ocrx_word' id='word_1_7' title='bbox 396 360 565 440; x_wconf 84' lang='lat' dir='ltr'>praecipue,</span> <span class='ocrx_word' id='word_1_8' title='bbox 588 378 665 440; x_wconf 89' lang='lat' dir='ltr'>quae</span> <span class='ocrx_word' id='word_1_9' title='bbox 688 359 895 440; x_wconf 86' lang='lat' dir='ltr'>prohibentur,</span> <span class='ocrx_word' id='word_1_10' title='bbox 919 367 994 422; x_wconf 88' lang='lat' dir='ltr'>avet.</span> 
     </span>
    </p>

    <p class='ocr_par' dir='ltr' id='par_1_3' title="bbox 191 443 1000 609">
     <span class='ocr_line' id='line_1_3' title="bbox 191 443 1000 526; baseline -0.002 -20"><span class='ocrx_word' id='word_1_11' title='bbox 191 444 259 506; x_wconf 91' lang='lat' dir='ltr'>Non</span> <span class='ocrx_word' id='word_1_12' title='bbox 282 464 315 506; x_wconf 86' lang='lat' dir='ltr'>es</span> <span class='ocrx_word' id='word_1_13' title='bbox 337 445 513 514; x_wconf 79' lang='lat' dir='ltr'>Alexander,</span> <span class='ocrx_word' id='word_1_14' title='bbox 536 444 646 507; x_wconf 84' lang='lat' dir='ltr'>Priami</span> <span class='ocrx_word' id='word_1_15' title='bbox 668 445 869 524; x_wconf 88' lang='lat' dir='ltr'>pulcherrima</span> <span class='ocrx_word' id='word_1_16' title='bbox 891 443 1000 526; x_wconf 82' lang='lat' dir='ltr'>proles,</span> 
     </span>
     <span class='ocr_line' id='line_1_4' title="bbox 234 528 872 609; baseline -0.003 -19"><span class='ocrx_word' id='word_1_17' title='bbox 234 528 374 590; x_wconf 80' lang='lat' dir='ltr'><strong>Territus</strong></span> <span class='ocrx_word' id='word_1_18' title='bbox 395 529 443 589; x_wconf 91' lang='lat' dir='ltr'>his</span> <span class='ocrx_word' id='word_1_19' title='bbox 465 545 522 590; x_wconf 91' lang='lat' dir='ltr'>una</span> <span class='ocrx_word' id='word_1_20' title='bbox 545 547 600 609; x_wconf 92' lang='lat' dir='ltr'>pro</span> <span class='ocrx_word' id='word_1_21' title='bbox 624 528 749 590; x_wconf 91' lang='lat' dir='ltr'>muliere</span> <span class='ocrx_word' id='word_1_22' title='bbox 772 529 872 598; x_wconf 87' lang='lat' dir='ltr'>malis;</span> 
     </span>
    </p>

    <p class='ocr_par' dir='ltr' id='par_1_4' title="bbox 188 613 920 760">
     <span class='ocr_line' id='line_1_5' title="bbox 188 613 920 683; baseline -0.003 -7"><span class='ocrx_word' id='word_1_23' title='bbox 188 615 256 677; x_wconf 88' lang='lat' dir='ltr'>Una</span> <span class='ocrx_word' id='word_1_24' title='bbox 280 631 335 674; x_wconf 90' lang='lat' dir='ltr'>nec</span> <span class='ocrx_word' id='word_1_25' title='bbox 357 615 445 674; x_wconf 92' lang='lat' dir='ltr'>unius</span> <span class='ocrx_word' id='word_1_26' title='bbox 468 620 523 683; x_wconf 92' lang='lat' dir='ltr'>est,</span> <span class='ocrx_word' id='word_1_27' title='bbox 546 614 595 673; x_wconf 91' lang='lat' dir='ltr'>cui</span> <span class='ocrx_word' id='word_1_28' title='bbox 616 631 677 675; x_wconf 93' lang='lat' dir='ltr'>non</span> <span class='ocrx_word' id='word_1_29' title='bbox 699 613 810 676; x_wconf 84' lang='lat' dir='ltr'>sufficit</span> <span class='ocrx_word' id='word_1_30' title='bbox 833 632 920 683; x_wconf 82' lang='lat' dir='ltr'>untrs,</span> 
     </span>
     <span class='ocr_line' id='line_1_6' title="bbox 231 697 879 760; baseline -0.003 0"><span class='ocrx_word' id='word_1_31' title='bbox 231 697 373 760; x_wconf 82' lang='lat' dir='ltr'>Pluribus</span> <span class='ocrx_word' id='word_1_32' title='bbox 396 701 426 759; x_wconf 91' lang='lat' dir='ltr'>in</span> <span class='ocrx_word' id='word_1_33' title='bbox 449 699 508 758; x_wconf 87' lang='lat' dir='ltr'>vita</span> <span class='ocrx_word' id='word_1_34' title='bbox 531 716 589 759; x_wconf 93' lang='lat' dir='ltr'>non</span> <span class='ocrx_word' id='word_1_35' title='bbox 613 705 695 758; x_wconf 91' lang='lat' dir='ltr'>caret</span> <span class='ocrx_word' id='word_1_36' title='bbox 718 716 776 759; x_wconf 92' lang='lat' dir='ltr'>una</span> <span class='ocrx_word' id='word_1_37' title='bbox 799 705 879 759; x_wconf 89' lang='lat' dir='ltr'>nota.</span> 
     </span>
    </p>

    <p class='ocr_par' dir='ltr' id='par_1_5' title="bbox 188 781 934 947">
     <span class='ocr_line' id='line_1_7' title="bbox 188 781 887 852; baseline -0.006 -6"><span class='ocrx_word' id='word_1_38' title='bbox 188 785 265 846; x_wconf 76' lang='lat' dir='ltr'>Aror</span> <span class='ocrx_word' id='word_1_39' title='bbox 288 800 390 843; x_wconf 89' lang='lat' dir='ltr'>amore</span> <span class='ocrx_word' id='word_1_40' title='bbox 411 783 464 851; x_wconf 89' lang='lat' dir='ltr'>tui,</span> <span class='ocrx_word' id='word_1_41' title='bbox 487 785 531 842; x_wconf 91' lang='lat' dir='ltr'>sic</span> <span class='ocrx_word' id='word_1_42' title='bbox 553 789 584 843; x_wconf 90' lang='lat' dir='ltr'>et</span> <span class='ocrx_word' id='word_1_43' title='bbox 603 781 759 843; x_wconf 80' lang='lat' dir='ltr'>Menelaon</span> <span class='ocrx_word' id='word_1_44' title='bbox 782 784 887 852; x_wconf 90' lang='lat' dir='ltr'>amavi,</span> 
     </span>
     <span class='ocr_line' id='line_1_8' title="bbox 230 863 934 947; baseline 0 -21"><span class='ocrx_word' id='word_1_45' title='bbox 230 867 458 929; x_wconf 84' lang='lat' dir='ltr'>Theseus&#39;huic</span> <span class='ocrx_word' id='word_1_46' title='bbox 480 875 565 947; x_wconf 90' lang='lat' dir='ltr'>pater</span> <span class='ocrx_word' id='word_1_47' title='bbox 587 863 688 927; x_wconf 89' lang='lat' dir='ltr'>oscula</span> <span class='ocrx_word' id='word_1_48' title='bbox 712 870 818 946; x_wconf 82' lang='lat' dir='ltr'>quarta</span> <span class='ocrx_word' id='word_1_49' title='bbox 841 866 934 946; x_wconf 83' lang='lat' dir='ltr'>dedit.</span> 
     </span>
    </p>

    <p class='ocr_par' dir='ltr' id='par_1_6' title="bbox 189 949 992 1116">
     <span class='ocr_line' id='line_1_9' title="bbox 189 949 992 1030; baseline -0.005 -16"><span class='ocrx_word' id='word_1_50' title='bbox 189 955 247 1014; x_wconf 54' lang='lat' dir='ltr'>Sic*</span> <span class='ocrx_word' id='word_1_51' title='bbox 262 952 338 1012; x_wconf 88' lang='lat' dir='ltr'>lacie</span> <span class='ocrx_word' id='word_1_52' title='bbox 361 953 495 1030; x_wconf 89' lang='lat' dir='ltr'>quamvis</span> <span class='ocrx_word' id='word_1_53' title='bbox 516 951 651 1030; x_wconf 85' lang='lat' dir='ltr'>insignis,</span> <span class='ocrx_word' id='word_1_54' title='bbox 676 949 809 1013; x_wconf 90' lang='lat' dir='ltr'>adultera</span> <span class='ocrx_word' id='word_1_55' title='bbox 833 959 916 1012; x_wconf 91' lang='lat' dir='ltr'>certe</span> <span class='ocrx_word' id='word_1_56' title='bbox 939 957 992 1025; x_wconf 88' lang='lat' dir='ltr'>est,</span> 
     </span>
     <span class='ocr_line' id='line_1_10' title="bbox 232 1033 832 1116; baseline -0.002 -19"><span class='ocrx_word' id='word_1_57' title='bbox 232 1037 327 1097; x_wconf 89' lang='lat' dir='ltr'>Laesa</span> <span class='ocrx_word' id='word_1_58' title='bbox 347 1035 497 1116; x_wconf 89' lang='lat' dir='ltr'>pudicitia,</span> <span class='ocrx_word' id='word_1_59' title='bbox 521 1035 637 1115; x_wconf 90' lang='lat' dir='ltr'>deperit</span> <span class='ocrx_word' id='word_1_60' title='bbox 659 1033 707 1097; x_wconf 91' lang='lat' dir='ltr'>illa</span> <span class='ocrx_word' id='word_1_61' title='bbox 731 1035 832 1098; x_wconf 90' lang='lat' dir='ltr'>semel.</span> 
     </span>
    </p>

    <p class='ocr_par' dir='ltr' id='par_1_7' title="bbox 189 1119 1034 1284">
     <span class='ocr_line' id='line_1_11' title="bbox 189 1119 926 1200; baseline -0.003 -18"><span class='ocrx_word' id='word_1_62' title='bbox 189 1121 302 1182; x_wconf 75' lang='lat' dir='ltr'><strong>Insanit</strong></span> <span class='ocrx_word' id='word_1_63' title='bbox 322 1128 405 1181; x_wconf 89' lang='lat' dir='ltr'>totus</span> <span class='ocrx_word' id='word_1_64' title='bbox 427 1126 612 1200; x_wconf 90' lang='lat' dir='ltr'>propterte,</span> <span class='ocrx_word' id='word_1_65' title='bbox 636 1119 759 1190; x_wconf 86' lang='lat' dir='ltr'>lubrice,</span> <span class='ocrx_word' id='word_1_66' title='bbox 782 1121 926 1190; x_wconf 91' lang='lat' dir='ltr'>mundus;</span> 
     </span>
     <span class='ocr_line' id='line_1_12' title="bbox 231 1203 1034 1284; baseline -0.004 -17"><span class='ocrx_word' id='word_1_67' title='bbox 231 1205 326 1268; x_wconf 83' lang='lat' dir='ltr'>Causa</span> <span class='ocrx_word' id='word_1_68' title='bbox 348 1204 487 1284; x_wconf 92' lang='lat' dir='ltr'>pudenda</span> <span class='ocrx_word' id='word_1_69' title='bbox 510 1211 636 1274; x_wconf 90' lang='lat' dir='ltr'>tuaest,</span> <span class='ocrx_word' id='word_1_70' title='bbox 659 1203 735 1282; x_wconf 86' lang='lat' dir='ltr'>justa</span> <span class='ocrx_word' id='word_1_71' title='bbox 759 1207 802 1266; x_wconf 87' lang='lat' dir='ltr'>vir</span> <span class='ocrx_word' id='word_1_72' title='bbox 824 1223 905 1266; x_wconf 90' lang='lat' dir='ltr'>arma</span> <span class='ocrx_word' id='word_1_73' title='bbox 928 1211 1034 1266; x_wconf 89' lang='lat' dir='ltr'>movet.</span> 
     </span>
    </p>

    <p class='ocr_par' dir='ltr' id='par_1_8' title="bbox 190 1289 918 1454">
     <span class='ocr_line' id='line_1_13' title="bbox 190 1289 918 1370; baseline 0.005 -19"><span class='ocrx_word' id='word_1_74' title='bbox 190 1291 236 1351; x_wconf 91' lang='lat' dir='ltr'>Sis</span> <span class='ocrx_word' id='word_1_75' title='bbox 259 1290 319 1350; x_wconf 82' lang='lat' dir='ltr'>voti</span> <span class='ocrx_word' id='word_1_76' title='bbox 342 1307 473 1370; x_wconf 90' lang='lat' dir='ltr'>compos,</span> <span class='ocrx_word' id='word_1_77' title='bbox 496 1305 551 1367; x_wconf 92' lang='lat' dir='ltr'>per</span> <span class='ocrx_word' id='word_1_78' title='bbox 573 1295 602 1349; x_wconf 88' lang='lat' dir='ltr'>te</span> <span class='ocrx_word' id='word_1_79' title='bbox 624 1290 769 1351; x_wconf 89' lang='lat' dir='ltr'>moriatur</span> <span class='ocrx_word' id='word_1_80' title='bbox 791 1289 918 1356; x_wconf 79' lang='lat' dir='ltr'>Atrides,</span> 
     </span>
     <span class='ocr_line' id='line_1_14' title="bbox 232 1373 916 1454; baseline 0.001 -20"><span class='ocrx_word' id='word_1_81' title='bbox 232 1373 358 1435; x_wconf 78' lang='lat' dir='ltr'>Graecia</span> <span class='ocrx_word' id='word_1_82' title='bbox 381 1374 427 1435; x_wconf 88' lang='lat' dir='ltr'>vel</span> <span class='ocrx_word' id='word_1_83' title='bbox 449 1373 560 1443; x_wconf 88' lang='lat' dir='ltr'>redeat,</span> <span class='ocrx_word' id='word_1_84' title='bbox 583 1374 629 1434; x_wconf 89' lang='lat' dir='ltr'>vel</span> <span class='ocrx_word' id='word_1_85' title='bbox 652 1380 792 1454; x_wconf 90' lang='lat' dir='ltr'>superata</span> <span class='ocrx_word' id='word_1_86' title='bbox 814 1373 916 1445; x_wconf 89' lang='lat' dir='ltr'>cadat;</span> 
     </span>
    </p>

    <p class='ocr_par' dir='ltr' id='par_1_9' title="bbox 189 1457 1016 1620">
     <span class='ocr_line' id='line_1_15' title="bbox 189 1457 1016 1520; baseline -0.002 0"><span class='ocrx_word' id='word_1_87' title='bbox 189 1457 251 1520; x_wconf 90' lang='lat' dir='ltr'>Sub</span> <span class='ocrx_word' id='word_1_88' title='bbox 274 1459 394 1520; x_wconf 88' lang='lat' dir='ltr'>domina</span> <span class='ocrx_word' id='word_1_89' title='bbox 416 1460 577 1520; x_wconf 77' lang='lat' dir='ltr'>meretrice</span> <span class='ocrx_word' id='word_1_90' title='bbox 599 1459 688 1520; x_wconf 86' lang='lat' dir='ltr'>sedes</span> <span class='ocrx_word' id='word_1_91' title='bbox 709 1476 835 1519; x_wconf 88' lang='lat' dir='ltr'>vesanus</span> <span class='ocrx_word' id='word_1_92' title='bbox 858 1466 888 1520; x_wconf 89' lang='lat' dir='ltr'>et</span> <span class='ocrx_word' id='word_1_93' title='bbox 910 1476 1016 1520; x_wconf 84' lang='lat' dir='ltr'>excors</span> 
     </span>
     <span class='ocr_line' id='line_1_16' title="bbox 232 1541 899 1620; baseline -0.003 -17"><span class='ocrx_word' id='word_1_94' title='bbox 232 1541 323 1604; x_wconf 83' lang='lat' dir='ltr'>Foedi</span> <span class='ocrx_word' id='word_1_95' title='bbox 344 1543 413 1605; x_wconf 87' lang='lat' dir='ltr'>tabe</span> <span class='ocrx_word' id='word_1_96' title='bbox 435 1545 518 1605; x_wconf 88' lang='lat' dir='ltr'>canis</span> <span class='ocrx_word' id='word_1_97' title='bbox 540 1544 586 1605; x_wconf 88' lang='lat' dir='ltr'>vel</span> <span class='ocrx_word' id='word_1_98' title='bbox 608 1559 693 1620; x_wconf 79' lang='lat' dir='ltr'>mage</span> <span class='ocrx_word' id='word_1_99' title='bbox 715 1543 804 1603; x_wconf 92' lang='lat' dir='ltr'>sorde</span> <span class='ocrx_word' id='word_1_100' title='bbox 827 1545 899 1604; x_wconf 90' lang='lat' dir='ltr'>suls.</span> 
     </span>
    </p>

    <p class='ocr_par' dir='ltr' id='par_1_10' title="bbox 190 1626 966 1776">
     <span class='ocr_line' id='line_1_17' title="bbox 190 1626 966 1707; baseline -0.001 -20"><span class='ocrx_word' id='word_1_101' title='bbox 190 1626 340 1696; x_wconf 83' lang='lat' dir='ltr'>Foemina,</span> <span class='ocrx_word' id='word_1_102' title='bbox 363 1644 440 1707; x_wconf 91' lang='lat' dir='ltr'>quae</span> <span class='ocrx_word' id='word_1_103' title='bbox 462 1626 546 1697; x_wconf 88' lang='lat' dir='ltr'>lallit,</span> <span class='ocrx_word' id='word_1_104' title='bbox 570 1627 707 1705; x_wconf 88' lang='lat' dir='ltr'>exemplo</span> <span class='ocrx_word' id='word_1_105' title='bbox 730 1626 824 1688; x_wconf 91' lang='lat' dir='ltr'>discat</span> <span class='ocrx_word' id='word_1_106' title='bbox 845 1630 876 1688; x_wconf 89' lang='lat' dir='ltr'>in</span> <span class='ocrx_word' id='word_1_107' title='bbox 899 1629 966 1696; x_wconf 87' lang='lat' dir='ltr'>isto,</span> 
     </span>
     <span class='ocr_line' id='line_1_18' title="bbox 230 1710 871 1776; baseline 0.005 -4"><span class='ocrx_word' id='word_1_108' title='bbox 230 1712 409 1772; x_wconf 84' lang='lat' dir='ltr'>Foemineae</span> <span class='ocrx_word' id='word_1_109' title='bbox 430 1710 501 1773; x_wconf 88' lang='lat' dir='ltr'>fidei</span> <span class='ocrx_word' id='word_1_110' title='bbox 523 1728 585 1773; x_wconf 90' lang='lat' dir='ltr'>non</span> <span class='ocrx_word' id='word_1_111' title='bbox 607 1710 752 1774; x_wconf 90' lang='lat' dir='ltr'>adhibere</span> <span class='ocrx_word' id='word_1_112' title='bbox 772 1712 871 1776; x_wconf 83' lang='lat' dir='ltr'>iidem.</span> 
     </span>
    </p>
   </div>
   <div class='ocr_carea' id='block_1_3' title="bbox 375 1907 968 1974">
    <p class='ocr_par' dir='ltr' id='par_1_11' title="bbox 375 1907 968 1974">
     <span class='ocr_line' id='line_1_19' title="bbox 375 1907 968 1974; baseline 0.007 -12"><span class='ocrx_word' id='word_1_113' title='bbox 375 1907 522 1963; x_wconf 71' lang='lat' dir='ltr'><strong>HELENA</strong></span> <span class='ocrx_word' id='word_1_114' title='bbox 540 1907 708 1963; x_wconf 84' lang='lat' dir='ltr'>PARIDEM</span> <span class='ocrx_word' id='word_1_115' title='bbox 725 1907 968 1974; x_wconf 83' lang='lat' dir='ltr'><strong>ALLOQUITUR.</strong></span> 
     </span>
    </p>
   </div>
   <div class='ocr_carea' id='block_1_4' title="bbox 188 2029 1050 2535">
    <p class='ocr_par' dir='ltr' id='par_1_12' title="bbox 188 2029 919 2196">
     <span class='ocr_line' id='line_1_20' title="bbox 188 2029 919 2100; baseline 0 -8"><span class='ocrx_word' id='word_1_116' title='bbox 188 2029 249 2092; x_wconf 88' lang='lat' dir='ltr'>Pro</span> <span class='ocrx_word' id='word_1_117' title='bbox 270 2031 371 2093; x_wconf 88' lang='lat' dir='ltr'>reditu</span> <span class='ocrx_word' id='word_1_118' title='bbox 392 2030 520 2093; x_wconf 89' lang='lat' dir='ltr'>laetatur</span> <span class='ocrx_word' id='word_1_119' title='bbox 541 2029 666 2100; x_wconf 89' lang='lat' dir='ltr'>adulter,</span> <span class='ocrx_word' id='word_1_120' title='bbox 691 2031 826 2094; x_wconf 87' lang='lat' dir='ltr'>adultera</span> <span class='ocrx_word' id='word_1_121' title='bbox 848 2049 919 2092; x_wconf 86' lang='lat' dir='ltr'>vero</span> 
     </span>
     <span class='ocr_line' id='line_1_21' title="bbox 235 2114 851 2196; baseline 0.002 -21"><span class='ocrx_word' id='word_1_122' title='bbox 235 2114 285 2176; x_wconf 86' lang='lat' dir='ltr'>Est</span> <span class='ocrx_word' id='word_1_123' title='bbox 306 2134 362 2194; x_wconf 91' lang='lat' dir='ltr'>pro</span> <span class='ocrx_word' id='word_1_124' title='bbox 384 2123 523 2195; x_wconf 89' lang='lat' dir='ltr'>suscepto</span> <span class='ocrx_word' id='word_1_125' title='bbox 546 2117 657 2196; x_wconf 84' lang='lat' dir='ltr'>sospite</span> <span class='ocrx_word' id='word_1_126' title='bbox 679 2116 756 2178; x_wconf 87' lang='lat' dir='ltr'>laeta</span> <span class='ocrx_word' id='word_1_127' title='bbox 779 2118 851 2177; x_wconf 87' lang='lat' dir='ltr'>viro.</span> 
     </span>
    </p>

    <p class='ocr_par' dir='ltr' id='par_1_13' title="bbox 188 2199 1050 2364">
     <span class='ocr_line' id='line_1_22' title="bbox 188 2199 1050 2280; baseline -0.001 -20"><span class='ocrx_word' id='word_1_128' title='bbox 188 2199 251 2260; x_wconf 90' lang='lat' dir='ltr'>lloo</span> <span class='ocrx_word' id='word_1_129' title='bbox 274 2200 378 2261; x_wconf 85' lang='lat' dir='ltr'>modo:</span> <span class='ocrx_word' id='word_1_130' title='bbox 402 2218 420 2261; x_wconf 90' lang='lat' dir='ltr'>o</span> <span class='ocrx_word' id='word_1_131' title='bbox 441 2199 574 2280; x_wconf 82' lang='lat' dir='ltr'>juvenis!</span> <span class='ocrx_word' id='word_1_132' title='bbox 597 2217 615 2259; x_wconf 94' lang='lat' dir='ltr'>o</span> <span class='ocrx_word' id='word_1_133' title='bbox 637 2200 837 2262; x_wconf 74' lang='lat' dir='ltr'>delectissime</span> <span class='ocrx_word' id='word_1_134' title='bbox 859 2199 959 2261; x_wconf 89' lang='lat' dir='ltr'>miles!</span> <span class='ocrx_word' id='word_1_135' title='bbox 1044 2265 1050 2274; x_wconf 51' lang='lat'>,</span> 
     </span>
     <span class='ocr_line' id='line_1_23' title="bbox 233 2283 984 2364; baseline -0.001 -20"><span class='ocrx_word' id='word_1_136' title='bbox 233 2283 388 2355; x_wconf 86' lang='lat' dir='ltr'>Quomodo</span> <span class='ocrx_word' id='word_1_137' title='bbox 410 2292 470 2347; x_wconf 89' lang='lat' dir='ltr'>tam</span> <span class='ocrx_word' id='word_1_138' title='bbox 494 2289 614 2364; x_wconf 89' lang='lat' dir='ltr'>poteras</span> <span class='ocrx_word' id='word_1_139' title='bbox 636 2286 794 2346; x_wconf 90' lang='lat' dir='ltr'>immemor</span> <span class='ocrx_word' id='word_1_140' title='bbox 816 2303 881 2346; x_wconf 90' lang='lat' dir='ltr'>esse</span> <span class='ocrx_word' id='word_1_141' title='bbox 903 2285 984 2346; x_wconf 83' lang='lat' dir='ltr'>meil</span> 
     </span>
    </p>

    <p class='ocr_par' dir='ltr' id='par_1_14' title="bbox 195 2367 975 2535">
     <span class='ocr_line' id='line_1_24' title="bbox 195 2367 975 2450; baseline 0.003 -22"><span class='ocrx_word' id='word_1_142' title='bbox 195 2367 271 2443; x_wconf 90' lang='lat' dir='ltr'>Vidi,</span> <span class='ocrx_word' id='word_1_143' title='bbox 293 2370 434 2448; x_wconf 90' lang='lat' dir='ltr'>pertimui</span> <span class='ocrx_word' id='word_1_144' title='bbox 456 2368 534 2449; x_wconf 93' lang='lat' dir='ltr'>quod</span> <span class='ocrx_word' id='word_1_145' title='bbox 558 2379 624 2431; x_wconf 91' lang='lat' dir='ltr'>erat</span> <span class='ocrx_word' id='word_1_146' title='bbox 645 2378 705 2430; x_wconf 91' lang='lat' dir='ltr'>tam</span> <span class='ocrx_word' id='word_1_147' title='bbox 728 2376 864 2450; x_wconf 85' lang='lat' dir='ltr'>ternpore</span> <span class='ocrx_word' id='word_1_148' title='bbox 885 2367 975 2447; x_wconf 79' lang='lat' dir='ltr'>longo</span> 
     </span>
     <span class='ocr_line' id='line_1_25' title="bbox 234 2452 876 2535; baseline -0.002 -20"><span class='ocrx_word' id='word_1_149' title='bbox 234 2452 376 2533; x_wconf 72' lang='lat' dir='ltr'>Coniugis</span> <span class='ocrx_word' id='word_1_150' title='bbox 398 2455 510 2535; x_wconf 89' lang='lat' dir='ltr'>antiqui</span> <span class='ocrx_word' id='word_1_151' title='bbox 532 2453 636 2516; x_wconf 85' lang='lat' dir='ltr'>dextra</span> <span class='ocrx_word' id='word_1_152' title='bbox 659 2457 801 2532; x_wconf 78' lang='lat' dir='ltr'>magistra</span> <span class='ocrx_word' id='word_1_153' title='bbox 823 2456 876 2516; x_wconf 89' lang='lat' dir='ltr'>tui.</span> 
     </span>
    </p>
   </div>
   <div class='ocr_carea' id='block_1_5' title="bbox 189 2687 1162 3494">
    <p class='ocr_par' dir='ltr' id='par_1_15' title="bbox 192 2687 1159 2884">
     <span class='ocr_line' id='line_1_26' title="bbox 261 2687 1159 2753; baseline -0.003 -16"><span class='ocrx_word' id='word_1_154' title='bbox 261 2689 301 2738; x_wconf 84' lang='lat'>14.</span> <span class='ocrx_word' id='word_1_155' title='bbox 332 2687 465 2752; x_wconf 76' lang='lat' dir='ltr'>marginis</span> <span class='ocrx_word' id='word_1_156' title='bbox 483 2687 615 2742; x_wconf 84' lang='lat' dir='ltr'>scholion.</span> <span class='ocrx_word' id='word_1_157' title='bbox 633 2703 678 2738; x_wconf 83' lang='lat' dir='ltr'>av.</span> <span class='ocrx_word' id='word_1_158' title='bbox 698 2687 784 2753; x_wconf 90' lang='lat' dir='ltr'>cupit.</span> <span class='ocrx_word' id='word_1_159' title='bbox 855 2690 895 2738; x_wconf 85' lang='lat'>18.</span> <span class='ocrx_word' id='word_1_160' title='bbox 920 2703 934 2738; x_wconf 93' lang='lat' dir='ltr'>e</span> <span class='ocrx_word' id='word_1_161' title='bbox 952 2687 1078 2753; x_wconf 81' lang='lat' dir='ltr'>margine</span> <span class='ocrx_word' id='word_1_162' title='bbox 1097 2699 1159 2752; x_wconf 86' lang='lat' dir='ltr'>pro:</span> 
     </span>
     <span class='ocr_line' id='line_1_27' title="bbox 192 2752 1159 2820; baseline 0.002 -16"><span class='ocrx_word' id='word_1_163' title='bbox 192 2756 221 2805; x_wconf 91' lang='lat' dir='ltr'>in</span> <span class='ocrx_word' id='word_1_164' title='bbox 239 2756 299 2806; x_wconf 85' lang='lat' dir='ltr'>nita</span> <span class='ocrx_word' id='word_1_165' title='bbox 316 2769 371 2804; x_wconf 90' lang='lat' dir='ltr'>non</span> <span class='ocrx_word' id='word_1_166' title='bbox 389 2759 467 2805; x_wconf 83' lang='lat' dir='ltr'>caret</span> <span class='ocrx_word' id='word_1_167' title='bbox 483 2754 545 2805; x_wconf 85' lang='lat' dir='ltr'>ima.</span> <span class='ocrx_word' id='word_1_168' title='bbox 618 2756 658 2806; x_wconf 84' lang='grc'>19.</span> <span class='ocrx_word' id='word_1_169' title='bbox 677 2756 768 2804; x_wconf 85' lang='lat' dir='ltr'>amavi</span> <span class='ocrx_word' id='word_1_170' title='bbox 786 2769 834 2820; x_wconf 90' lang='lat' dir='ltr'>pro</span> <span class='ocrx_word' id='word_1_171' title='bbox 853 2756 965 2804; x_wconf 83' lang='lat' dir='ltr'>amavit.</span> <span class='ocrx_word' id='word_1_172' title='bbox 988 2753 1094 2804; x_wconf 87' lang='lat' dir='ltr'>Versus</span> <span class='ocrx_word' id='word_1_173' title='bbox 1107 2752 1159 2806; x_wconf 84' lang='lat' dir='ltr'>Or.</span> 
     </span>
     <span class='ocr_line' id='line_1_28' title="bbox 193 2821 1090 2884; baseline -0.003 -12"><span class='ocrx_word' id='word_1_174' title='bbox 193 2823 257 2873; x_wconf 84' lang='lat' dir='ltr'>Her.</span> <span class='ocrx_word' id='word_1_175' title='bbox 275 2824 309 2872; x_wconf 91' lang='lat' dir='ltr'>V.</span> <span class='ocrx_word' id='word_1_176' title='bbox 331 2824 388 2873; x_wconf 77' lang='lat'>105.</span> <span class='ocrx_word' id='word_1_177' title='bbox 425 2822 512 2873; x_wconf 82' lang='lat' dir='ltr'>Ardet</span> <span class='ocrx_word' id='word_1_178' title='bbox 530 2837 621 2873; x_wconf 85' lang='lat' dir='ltr'>amore</span> <span class='ocrx_word' id='word_1_179' title='bbox 640 2822 691 2884; x_wconf 79' lang='lat' dir='ltr'>tui,</span> <span class='ocrx_word' id='word_1_180' title='bbox 710 2822 750 2872; x_wconf 84' lang='lat' dir='ltr'>sio</span> <span class='ocrx_word' id='word_1_181' title='bbox 769 2830 797 2870; x_wconf 84' lang='lat' dir='ltr'>et</span> <span class='ocrx_word' id='word_1_182' title='bbox 814 2821 960 2872; x_wconf 84' lang='lat' dir='ltr'>Menelaon</span> <span class='ocrx_word' id='word_1_183' title='bbox 978 2821 1090 2872; x_wconf 83' lang='lat' dir='ltr'>amarit.</span> 
     </span>
    </p>

    <p class='ocr_par' dir='ltr' id='par_1_16' title="bbox 189 2887 1162 3494">
     <span class='ocr_line' id='line_1_29' title="bbox 189 2887 1160 2944; baseline -0.002 -4"><span class='ocrx_word' id='word_1_184' title='bbox 189 2893 233 2943; x_wconf 73' lang='lat'>21.</span> <span class='ocrx_word' id='word_1_185' title='bbox 252 2890 334 2941; x_wconf 78' lang='lat' dir='ltr'>Ovio.</span> <span class='ocrx_word' id='word_1_186' title='bbox 357 2891 423 2942; x_wconf 88' lang='lat' dir='ltr'>Her.</span> <span class='ocrx_word' id='word_1_187' title='bbox 447 2891 480 2942; x_wconf 86' lang='lat' dir='ltr'>V.</span> <span class='ocrx_word' id='word_1_188' title='bbox 501 2892 558 2942; x_wconf 76' lang='lat'>125.</span> <span class='ocrx_word' id='word_1_189' title='bbox 627 2893 670 2942; x_wconf 76' lang='lat'>22.</span> <span class='ocrx_word' id='word_1_190' title='bbox 688 2891 731 2940; x_wconf 83' lang='lat' dir='ltr'>Ex</span> <span class='ocrx_word' id='word_1_191' title='bbox 754 2889 835 2940; x_wconf 79' lang='lat' dir='ltr'>ovid.</span> <span class='ocrx_word' id='word_1_192' title='bbox 857 2890 924 2944; x_wconf 86' lang='lat' dir='ltr'>Her.</span> <span class='ocrx_word' id='word_1_193' title='bbox 942 2888 975 2940; x_wconf 87' lang='lat' dir='ltr'>V.</span> <span class='ocrx_word' id='word_1_194' title='bbox 994 2891 1056 2940; x_wconf 84' lang='lat'>104:</span> <span class='ocrx_word' id='word_1_195' title='bbox 1083 2887 1160 2938; x_wconf 78' lang='lat' dir='ltr'>laesa</span> 
     </span>
     <span class='ocr_line' id='line_1_30' title="bbox 190 2954 1157 3023; baseline -0.004 -15"><span class='ocrx_word' id='word_1_196' title='bbox 190 2958 328 3023; x_wconf 85' lang='lat' dir='ltr'>pudicitia</span> <span class='ocrx_word' id='word_1_197' title='bbox 345 2963 396 3022; x_wconf 82' lang='lat' dir='ltr'>est,</span> <span class='ocrx_word' id='word_1_198' title='bbox 414 2957 440 3008; x_wconf 92' lang='lat' dir='ltr'>d.</span> <span class='ocrx_word' id='word_1_199' title='bbox 460 2957 480 3011; x_wconf 80' lang='lat' dir='ltr'>i.</span> <span class='ocrx_word' id='word_1_200' title='bbox 493 2957 576 3009; x_wconf 88' lang='lat' dir='ltr'>semel</span> <span class='ocrx_word' id='word_1_201' title='bbox 589 2958 728 3023; x_wconf 84' lang='lat' dir='ltr'>posuimus</span> <span class='ocrx_word' id='word_1_202' title='bbox 740 2973 789 3020; x_wconf 90' lang='lat' dir='ltr'>pro</span> <span class='ocrx_word' id='word_1_203' title='bbox 802 2958 889 3007; x_wconf 83' lang='lat' dir='ltr'>nostri</span> <span class='ocrx_word' id='word_1_204' title='bbox 903 2961 998 3008; x_wconf 86' lang='lat' dir='ltr'>semet.</span> <span class='ocrx_word' id='word_1_205' title='bbox 1049 2957 1091 3010; x_wconf 74' lang='lat'>24.</span> <span class='ocrx_word' id='word_1_206' title='bbox 1107 2954 1157 3005; x_wconf 83' lang='lat' dir='ltr'>Or.</span> 
     </span>
     <span class='ocr_line' id='line_1_31' title="bbox 189 3024 859 3088; baseline -0.006 -12"><span class='ocrx_word' id='word_1_207' title='bbox 189 3026 256 3082; x_wconf 80' lang='lat' dir='ltr'>Her.</span> <span class='ocrx_word' id='word_1_208' title='bbox 274 3027 309 3088; x_wconf 88' lang='lat' dir='ltr'>V,</span> <span class='ocrx_word' id='word_1_209' title='bbox 327 3026 369 3076; x_wconf 80' lang='grc'>98.</span> <span class='ocrx_word' id='word_1_210' title='bbox 438 3028 480 3076; x_wconf 79' lang='lat'>30.</span> <span class='ocrx_word' id='word_1_211' title='bbox 500 3024 632 3077; x_wconf 85' lang='lat' dir='ltr'>alluditur</span> <span class='ocrx_word' id='word_1_212' title='bbox 650 3024 753 3076; x_wconf 77' lang='lat' dir='ltr'>Aviani</span> <span class='ocrx_word' id='word_1_213' title='bbox 770 3025 792 3086; x_wconf 84' lang='lat'>1,</span> <span class='ocrx_word' id='word_1_214' title='bbox 813 3027 859 3076; x_wconf 79' lang='lat'><strong>16.-</strong></span> 
     </span>
     <span class='ocr_line' id='line_1_32' title="bbox 213 3089 997 3158; baseline -0.004 -15"><span class='ocrx_word' id='word_1_215' title='bbox 213 3111 216 3116; x_wconf 91' lang='lat'>·</span> <span class='ocrx_word' id='word_1_216' title='bbox 359 3093 536 3145; x_wconf 77' lang='lat' dir='ltr'>roemrnaam</span> <span class='ocrx_word' id='word_1_217' title='bbox 555 3095 681 3158; x_wconf 81' lang='lat' dir='ltr'>quisquis</span> <span class='ocrx_word' id='word_1_218' title='bbox 699 3092 815 3144; x_wconf 85' lang='lat' dir='ltr'>eredidit</span> <span class='ocrx_word' id='word_1_219' title='bbox 833 3105 894 3143; x_wconf 85' lang='lat' dir='ltr'>esse</span> <span class='ocrx_word' id='word_1_220' title='bbox 910 3089 997 3142; x_wconf 85' lang='lat' dir='ltr'>fidem.</span> 
     </span>
     <span class='ocr_line' id='line_1_33' title="bbox 189 3157 1159 3224; baseline -0.006 -13"><span class='ocrx_word' id='word_1_221' title='bbox 189 3159 295 3211; x_wconf 76' lang='lat' dir='ltr'>Alenus</span> <span class='ocrx_word' id='word_1_222' title='bbox 311 3159 435 3224; x_wconf 81' lang='lat' dir='ltr'>parabol.</span> <span class='ocrx_word' id='word_1_223' title='bbox 449 3161 490 3212; x_wconf 80' lang='lat'>16.</span> <span class='ocrx_word' id='word_1_224' title='bbox 509 3175 581 3222; x_wconf 88' lang='lat' dir='ltr'>„nou</span> <span class='ocrx_word' id='word_1_225' title='bbox 601 3161 685 3210; x_wconf 86' lang='lat' dir='ltr'>estin</span> <span class='ocrx_word' id='word_1_226' title='bbox 700 3159 813 3209; x_wconf 84' lang='lat' dir='ltr'>muliere</span> <span class='ocrx_word' id='word_1_227' title='bbox 825 3158 910 3210; x_wconf 63' lang='grc' dir='ltr'>Μεθ’*</span> <span class='ocrx_word' id='word_1_228' title='bbox 923 3163 952 3209; x_wconf 88' lang='lat' dir='ltr'>et</span> <span class='ocrx_word' id='word_1_229' title='bbox 963 3157 1036 3224; x_wconf 81' lang='lat' dir='ltr'>apud</span> <span class='ocrx_word' id='word_1_230' title='bbox 1046 3158 1159 3209; x_wconf 79' lang='lat' dir='ltr'>Patron:</span> 
     </span>
     <span class='ocr_line' id='line_1_34' title="bbox 358 3226 967 3293; baseline -0.005 -14"><span class='ocrx_word' id='word_1_231' title='bbox 358 3227 484 3293; x_wconf 81' lang='lat' dir='ltr'>Namque</span> <span class='ocrx_word' id='word_1_232' title='bbox 502 3233 544 3276; x_wconf 83' lang='lat' dir='ltr'>eet</span> <span class='ocrx_word' id='word_1_233' title='bbox 559 3226 693 3277; x_wconf 81' lang='lat' dir='ltr'>foeminea</span> <span class='ocrx_word' id='word_1_234' title='bbox 710 3227 798 3276; x_wconf 84' lang='lat' dir='ltr'>tutior</span> <span class='ocrx_word' id='word_1_235' title='bbox 815 3226 889 3284; x_wconf 83' lang='lat' dir='ltr'>unda</span> <span class='ocrx_word' id='word_1_236' title='bbox 906 3226 967 3277; x_wconf 87' lang='lat' dir='ltr'>fide.</span> 
     </span>
     <span class='ocr_line' id='line_1_35' title="bbox 190 3293 1161 3360; baseline -0.005 -14"><span class='ocrx_word' id='word_1_237' title='bbox 190 3296 233 3346; x_wconf 86' lang='lat' dir='ltr'>at.</span> <span class='ocrx_word' id='word_1_238' title='bbox 252 3293 435 3346; x_wconf 83' lang='lat' dir='ltr'>conferendus</span> <span class='ocrx_word' id='word_1_239' title='bbox 448 3294 619 3360; x_wconf 79' lang='lat' dir='ltr'>Epitomator</span> <span class='ocrx_word' id='word_1_240' title='bbox 636 3309 662 3346; x_wconf 83' lang='lat' dir='ltr'>v.</span> <span class='ocrx_word' id='word_1_241' title='bbox 676 3295 726 3344; x_wconf 74' lang='lat'>320</span> <span class='ocrx_word' id='word_1_242' title='bbox 737 3308 797 3359; x_wconf 84' lang='lat' dir='ltr'>sqq.</span> <span class='ocrx_word' id='word_1_243' title='bbox 817 3294 864 3359; x_wconf 90' lang='lat' dir='ltr'>qui</span> <span class='ocrx_word' id='word_1_244' title='bbox 881 3293 980 3345; x_wconf 74' lang='lat' dir='ltr'>iisdem</span> <span class='ocrx_word' id='word_1_245' title='bbox 997 3293 1058 3344; x_wconf 81' lang='lat' dir='ltr'>fera</span> <span class='ocrx_word' id='word_1_246' title='bbox 1076 3306 1161 3342; x_wconf 85' lang='lat' dir='ltr'>voea-</span> 
     </span>
     <span class='ocr_line' id='line_1_36' title="bbox 190 3360 1162 3418; baseline -0.004 -6"><span class='ocrx_word' id='word_1_247' title='bbox 190 3360 265 3412; x_wconf 82' lang='lat' dir='ltr'>bulis</span> <span class='ocrx_word' id='word_1_248' title='bbox 287 3375 356 3413; x_wconf 84' lang='lat' dir='ltr'>usna</span> <span class='ocrx_word' id='word_1_249' title='bbox 379 3367 431 3413; x_wconf 87' lang='lat' dir='ltr'>est.</span> <span class='ocrx_word' id='word_1_250' title='bbox 500 3363 541 3412; x_wconf 79' lang='lat'>34.</span> <span class='ocrx_word' id='word_1_251' title='bbox 561 3361 611 3412; x_wconf 86' lang='lat' dir='ltr'>Or.</span> <span class='ocrx_word' id='word_1_252' title='bbox 630 3362 697 3411; x_wconf 87' lang='lat' dir='ltr'>Her.</span> <span class='ocrx_word' id='word_1_253' title='bbox 716 3360 773 3418; x_wconf 82' lang='lat' dir='ltr'>XV,</span> <span class='ocrx_word' id='word_1_254' title='bbox 796 3363 844 3411; x_wconf 84' lang='grc'>106</span> <span class='ocrx_word' id='word_1_255' title='bbox 866 3365 896 3411; x_wconf 90' lang='lat' dir='ltr'>ut</span> <span class='ocrx_word' id='word_1_256' title='bbox 914 3360 1002 3412; x_wconf 83' lang='lat' dir='ltr'>nolles</span> <span class='ocrx_word' id='word_1_257' title='bbox 1019 3360 1162 3410; x_wconf 86' lang='lat' dir='ltr'>immemor</span> 
     </span>
     <span class='ocr_line' id='line_1_37' title="bbox 191 3427 1162 3494; baseline -0.003 -15"><span class='ocrx_word' id='word_1_258' title='bbox 191 3442 254 3479; x_wconf 81' lang='lat' dir='ltr'>esse</span> <span class='ocrx_word' id='word_1_259' title='bbox 272 3428 335 3479; x_wconf 89' lang='lat' dir='ltr'>mei.</span> <span class='ocrx_word' id='word_1_260' title='bbox 389 3429 430 3481; x_wconf 82' lang='grc'>36.</span> <span class='ocrx_word' id='word_1_261' title='bbox 451 3427 577 3494; x_wconf 78' lang='lat' dir='ltr'>conjugio</span> <span class='ocrx_word' id='word_1_262' title='bbox 595 3429 702 3494; x_wconf 88' lang='lat' dir='ltr'>antiqui</span> <span class='ocrx_word' id='word_1_263' title='bbox 719 3428 797 3492; x_wconf 82' lang='lat' dir='ltr'>Virg.</span> <span class='ocrx_word' id='word_1_264' title='bbox 817 3431 884 3478; x_wconf 82' lang='lat' dir='ltr'>Aen.</span> <span class='ocrx_word' id='word_1_265' title='bbox 897 3428 945 3491; x_wconf 86' lang='lat' dir='ltr'>IV,</span> <span class='ocrx_word' id='word_1_266' title='bbox 962 3428 1021 3479; x_wconf 74' lang='lat' dir='ltr'>toa.</span> <span class='ocrx_word' id='word_1_267' title='bbox 1041 3427 1162 3492; x_wconf 77' lang='lat' dir='ltr'>llpitem.</span> 
     </span>
    </p>
   </div>
   <div class='ocr_carea' id='block_1_6' title="bbox 0 0 1305 3984">
    <p class='ocr_par' dir='ltr' id='par_1_17' title="bbox 0 0 1305 3984">
     <span class='ocr_line' id='line_1_38' title="bbox 0 0 1305 3984; baseline 0 0"><span class='ocrx_word' id='word_1_268' title='bbox 0 0 1305 3984; x_wconf 95' lang='lat' dir='ltr'> </span> 
     </span>
    </p>
   </div>
  </div>
 </body>
</html>
