2574 3976
983 161 985 171 '
1049 193 1113 259 eoa

148 343 222 415 Quid
246 344 418 406 stenelum?
441 345 511 425 quid
534 347 737 408 Testorideml
760 347 831 426 qnid
854 346 1093 410 Prothesilaum‘t

190 429 266 499 Ouid
291 429 419 489 reseram
443 427 556 510 plnres,
580 448 653 507 qnos
675 449 726 493 sua
751 433 827 492 lama
850 433 961 493 refert?

148 513 220 583 Quis
241 511 387 593 Dolopes?
409 518 475 595 quis
496 514 706 577 Mirmidonesl
729 519 796 594 quis
818 517 945 595 denique
969 528 1093 580 cunctos
1132 589 1139 602 ,

115 615 125 621 ‘
188 599 391 677 GraJugenum
414 616 556 678 proceres
573 600 767 680 ,dinumerare
789 603 895 681 queat?
930 661 936 674 ,

147 681 280 743 Tandem
304 701 356 744 rex
382 683 513 746 Danaum
536 688 682 763 pervim,
705 702 760 763 per
783 685 868 762 iacta,
892 702 946 764 per
969 684 1039 748 illud
1064 695 1112 744 145

187 765 355 828 Palladium
379 767 499 847 Trojam
522 780 588 849 post
611 769 669 830 duo
692 767 784 831 lustra
808 771 894 850 capit.
937 781 939 785 '

146 850 209 911 Hae
233 853 326 928 igitur
350 861 444 932 napta,
469 854 520 914 sed
544 854 657 924 lraude,
681 853 731 914 sed
755 863 829 925 arte,
853 854 903 916 sed
927 854 1033 924 armis;

187 934 263 996 Hine
288 937 439 1012 perimunt
460 938 609 1000 Priamum
633 939 855 1018 Priamirlasque
877 937 976 1000 simul.

148 1019 227 1080 Neve
251 1027 309 1080 stet
330 1020 415 1082 urbis
435 1022 539 1092 honos,
563 1024 716 1084 devastant
738 1030 854 1085 caetera
877 1042 1027 1104 quaeque;

188 1104 292 1166 Murro
315 1107 404 1182 viros,
427 1109 507 1168 aries
529 1109 656 1178 moenia,
678 1115 756 1170 tecta
779 1125 879 1187 rogus.
1063 1118 1111 1166 150

144 1186 228 1258 Quod
241 1196 338 1250 tamen
352 1190 424 1251 urbs
437 1199 588 1270 capta'est,
603 1192 680 1271 quod
694 1194 778 1260 vieta,
791 1191 870 1272 quod
885 1192 1001 1264 obruta,
1016 1202 1110 1254 totum

7 1343 8 1350 ἵ
189 1274 259 1333 Arte
282 1270 375 1334 Sinon
398 1278 482 1354 parvi
504 1275 622 1352 ligneus
644 1277 702 1353 egit
725 1294 828 1354 equus.

148 1355 276 1427 Virrhus,
300 1366 373 1427 arte,
398 1360 495 1429 minis,
521 1359 650 1420 Danaum
674 1359 752 1422 clara
776 1361 864 1440 Troja
888 1363 983 1422 ruinis

191 1443 283 1501 Annis
305 1439 352 1503 his
374 1443 473 1522 quinis
495 1445 528 1504 ht
549 1463 640 1522 rogus
663 1453 750 1524 atque
773 1446 857 1506 ninia.

74 1537 81 1553 ·
143 1524 220 1586 Urbs
243 1525 320 1587 hona
343 1545 423 1588 nunc
446 1528 527 1588 dumi
550 1531 576 1588 vi
599 1529 744 1598 flammae,
770 1528 889 1591 turbine
910 1531 984 1590 lumi
1063 1541 1111 1588 155

186 1609 250 1670 Non
273 1612 313 1672 ita
337 1615 472 1674 consumi
496 1613 592 1689 digna,
617 1614 729 1675 resedit
751 1615 843 1675 humi.

143 1694 223 1755 Nutu
246 1695 374 1757 lunonis
396 1703 426 1756 et
448 1698 543 1777 iniqui
563 1696 669 1759 haudo
692 1697 819 1769 Sinonis,

186 1778 328 1858 illamque
351 1780 425 1840 datis
448 1781 534 1842 donis
557 1781 717 1863 exspoliata
740 1781 826 1843 honis

151 1861 286 1941 Sponsus
307 1863 471 1944 Penelopes
494 1884 599 1946 passus
621 1886 719 1936 mare,
743 1875 891 1936 monstra,
915 1868 1066 1950 Cyclopes,

190 1946 356 2008 Transtulit
378 1949 414 2011 ad
438 1949 566 2031 Dolopes
588 1951 798 2013 Laomedontis
820 1969 901 2031 opes.
1062 1963 1110 2012 150

145 2029 277 2092 Flamma
302 2033 387 2094 Paris
410 2037 531 2114 patriae.
556 2035 670 2096 lornrae
693 2055 752 2116 quo
771 2034 873 2114 judice
896 2036 974 2112 diae,

188 2113 279 2194 Troja
302 2127 392 2196 eaput
413 2119 567 2198 Phrygiae,
590 2119 704 2198 llosqne
722 2119 804 2200 jacet
826 2122 920 2182 Asiae.

145 2200 292 2260 lunonem
314 2201 413 2270 laedit,
438 2204 544 2264 Veneri
567 2222 634 2265 eum
657 2213 758 2284 pastor
780 2205 891 2275 obedit,

184 2283 371 2367 Cumvjudex
393 2286 471 2347 sedit
494 2296 538 2347 tot
560 2288 616 2348 tibi
640 2287 746 2350 damna
770 2289 860 2350 dedit.

145 2365 189 2426 Ne
211 2370 278 2446 quis
301 2377 380 2430 amet
402 2374 514 2431 temere
537 2373 624 2433 docet
645 2371 751 2433 obruta
775 2371 864 2452 'lroja
888 2392 1001 2444 cavere,
1061 2385 1108 2434 155

184 2450 265 2521 Quae
287 2453 403 2514 Paridis
425 2453 538 2516 5551515
561 2457 594 2516 iit
616 2456 690 2519 nihil
713 2456 825 2537 absque
848 2458 922 2518 lere.

144 2535 302 2597 Priamidis
324 2536 441 2599 1555155
462 2557 625 2619 regumque
649 2540 757 2603 domus
780 2543 928 2603 cecidere.

184 2621 296 2682 ’1111155
317 2623 492 2686 innumerae
515 2623 689 2688 nuncubi?
712 2625 767 2687 suh
791 2629 903 2688 cinere.

144 2702 273 2767 Palladis
294 2708 459 2786 armigerae
483 2725 542 2786 quo
564 2709 673 2789 templa
697 2711 862 2791 domusque
884 2713 978 2782 inere,

186 2790 358 2853 Extendunt
379 2792 508 2855 hederae
533 2793 654 2856 brachia
676 2794 788 2874 lenta*)
812 2799 888 2856 lere.
990 2859 993 2865 ,
1058 2807 1108 2855 170

144 2873 240 2952 Raptu
263 2874 444 2953 Tyndaridis
467 2877 549 2938 lnror
572 2888 617 2939 est
639 2897 782 2941 aecensus
803 2881 913 2942 Atridis

186 2956 326 3036 Bellaque
349 2960 528 3022 Dardanidis
550 2965 642 3024 movit
664 2982 749 3024 amor
771 2964 897 3025 Paridis.

139 3041 258 3103 Pellieis
280 3042 447 3106 obscoenae
470 3048 748 3109 commonitiorma
771 3047 905 3109 Lacenae

183 3126 215 3186 ln
239 3128 336 3189 555115
359 3129 615 3208 effrenepeotora
637 3130 834 3211 l'rojngenae‚

141 3210 189 3270 Sie
212 3211 303 3273 iacies
325 3211 455 3277 Helenae
477 3216 535 3276 luit
557 3219 655 3277 exitus
677 3217 761 3278 urbis
783 3235 934 3286 amoenae,
1058 3225 1106 3276 115

182 3293 295 3366 Crines,
319 3295 404 3368 oolla,
427 3317 521 3378 genae
544 3310 712 3379 cunctaque
735 3310 830 3362 comta
853 3299 942 3363 hene.

138 3419 342 3435 —nn--—-

206 3479 230 3544 ⁸)
250 3478 315 3533 eoa.
336 3481 432 3534 lustra.
