2590 3984
167 127 206 191 76
466 131 529 182 nra.
547 130 599 182 111.
634 145 660 181 v.
680 131 822 180 roa-194.

166 281 210 341 tu
233 289 341 358 pausas
363 299 379 342 a
402 290 501 360 strage
524 298 629 343 manus
651 289 721 342 tune
743 283 840 360 primo
862 287 994 351 vocatur,

209 367 336 444 vaginas
358 374 474 427 veteres
496 365 593 444 induit
614 369 693 426 ensis
714 364 818 426 hebes.

166 449 289 529 Trojani
304 448 431 528 ·Trojam
453 449 584 512 subeunt
605 448 714 510 sudore
736 450 853 527 nigrati,

209 533 361 611 Sanguine
382 536 547 613 conspersi,
571 532 718 595 debilitate
741 535 828 612 pigri.
1084 541 1137 591 170

169 619 270 679 Castra
293 625 398 696 petunt
420 619 526 680 Graeci
547 616 723 696 Phrygibus,
746 619 770 678 si
793 616 907 696 singula
930 635 1046 696 penses,

209 701 370 780 Sanguine,
394 702 513 772 sudore,
537 702 689 763 debilitate
712 719 809 779 parea.

397 932 522 986 VERBA
538 933 646 988 nbula
666 931 900 988 GRAEOORUM.

52 1073 53 1076 ’
165 1069 233 1131 Rex
258 1070 392 1132 Danaum
414 1069 557 1150 loquitur:
582 1069 739 1133 'trabeatis
762 1090 827 1134 esse
850 1079 1006 1134 cruentum

210 1153 243 1214 ln
267 1152 356 1216 bellis
377 1155 453 1214 vitae
476 1156 651 1216 continuare
672 1163 792 1216 statum.

160 1239 283 1309 interea
306 1240 450 1318 queritur,
475 1240 540 1317 quis
562 1247 662 1300 tantae
684 1239 818 1316 pondera
840 1239 928 1302 molis
1065 1247 1136 1298 '175

210 1321 336 1403 Semper
360 1322 404 1384 vel
426 1321 521 1384 valeat
542 1322 587 1384 vel
610 1323 738 1385 tolerare
760 1324 840 1386 velit.

148 1405 257 1470 ,Millia
278 1405 381 1478 multa,
405 1408 507 1479 relert,
532 1427 548 1468 e
570 1410 680 1470 nostris
704 1417 796 1469 strata
820 1407 923 1469 videtis

211 1490 389 1552 Intumulata
411 1491 518 1571 jacent,
543 1493 610 1572 quis
632 1493 760 1573 sepelire
782 1493 897 1572 potest?

169 1575 283 1635 Lunam
306 1574 449 1645 consiliis,
472 1576 566 1636 solem
589 1579 792 1638 consumimus
814 1577 916 1652 armis,

172 1681 175 1685 ·
212 1658 249 1719 m
271 1667 423 1737 nunquam
445 1677 587 1739 proceres
609 1659 721 1739 absque
743 1660 845 1722 labore
868 1679 979 1722 sumne.
1086 1668 1138 1720 180

61 1741 63 1744 ’
168 1747 203 1804 nt
227 1746 278 1821 qui
300 1745 343 1804 ris
365 1744 448 1804 coelo
470 1748 591 1822 tegitur,
615 1747 666 1825 qui
688 1762 749 1805 non
771 1743 861 1806 babet
882 1762 998 1820 urnam,

210 1828 399 1907 Sarcopbago
422 1828 502 1899 solie,
524 1828 591 1908 plus
613 1829 690 1890 valet
710 1847 784 1889 urna
808 1827 872 1890 soli.

167 1911 284 1972 Mortua
308 1910 427 1974 defosso
450 1911 626 1974 clauduntur
647 1913 783 1974 membra
805 1911 976 1993 sepulchro,

209 1995 253 2056 No
275 1994 373 2056 laedat
395 1997 475 2057 vivos
497 1997 565 2059 tabe
587 1996 682 2059 soluta
706 2017 790 2059 caro:

169 2080 255 2141 Unde
277 2079 373 2149 (lecet,
398 2090 517 2142 nostros
538 2089 572 2144 ut
594 2081 801 2144 subterremus
823 2083 942 2152 amicos,
1087 2091 1138 2140 185

214 2163 287 2226 Cum
310 2163 419 2244 quibus
442 2174 472 2226 et
494 2167 630 2243 quandol
652 2166 818 2247 quomodo?
841 2173 958 2246 tempus
980 2164 1078 2236 abest;

168 2248 275 2329 Nilque
296 2251 413 2312 referre
435 2252 506 2316 scio,
530 2250 674 2313 tabesne
697 2251 839 2312 cadavera
863 2248 965 2321 solvat,

210 2336 254 2394 Au
278 2351 351 2412 rogo
374 2343 498 2394 urentur
519 2343 655 2415 tempore
677 2354 736 2415 quo
757 2334 802 2396 vel
826 2335 895 2396 ubi?

169 2416 351 2479 Vulneribus
373 2421 439 2481 lieri
461 2419 585 2480 deberet
606 2420 692 2482 docta
715 2418 841 2491 nredala,

210 2501 301 2563 Docta
322 2502 373 2562 sed
398 2512 428 2564 et
449 2503 545 2564 subita
570 2503 676 2566 damna
699 2505 835 2566 trahente
857 2521 951 2564 mora.
1085 2512 1137 2560 190

169 2585 243 2654 Vidi,
266 2585 345 2665 quod
368 2588 467 2650 iuerat
488 2590 586 2666 primo
609 2587 752 2659 curabile,
775 2586 882 2650 uulnus

207 2668 395 2748 Dilatumque
418 2688 520 2732 morae
542 2670 648 2732 damna
671 2671 775 2732 tulisse
797 2690 878 2732 suae.

167 2754 199 2816 Si
221 2753 320 2815 minus
343 2753 464 2816 edoctus
485 2757 656 2816 tractaverit
677 2754 726 2816 illa
749 2755 918 2835 chirurgus,

209 2839 281 2899 Sors
303 2839 380 2900 mala
403 2839 448 2900 uel
470 2839 557 2920 pejor
578 2841 706 2922 pessima
730 2841 829 2902 lorsan
853 2843 918 2901 erit.

239 3075 298 3125 tiu.
317 3072 428 3140 Margo:
447 3075 584 3127 trabeatis
603 3077 621 3126 i.
641 3093 665 3128 e.
678 3076 817 3127 nobilibus
829 3075 875 3128 vel
887 3075 1060 3140 principibus
1073 3076 1138 3140 quia

166 3141 265 3192 trabea
288 3146 332 3192 eat
353 3144 441 3193 acatia
463 3144 630 3210 principum.
700 3145 756 3195 181.
775 3145 845 3194 Luc.
863 3143 960 3197 Phara.
982 3143 1046 3204 ViI,
1069 3144 1134 3194 8192

167 3208 243 3260 coelo
262 3209 377 3274 tegitur,
396 3210 442 3274 qui
460 3225 514 3261 non
532 3209 619 3260 habet
636 3225 743 3261 urnam.
814 3213 871 3260 191.
890 3213 930 3264 92.
950 3208 1001 3260 Or.
1019 3209 1134 3260 Ramed.

167 3278 224 3332 101.
242 3278 266 3328 2.
305 3275 368 3327 Vidi
387 3293 447 3342 ego,
466 3276 537 3342 quoti
556 3277 643 3341 primo
661 3279 755 3329 inerat
772 3278 909 3340 sanabile,
928 3277 1028 3329 ruinam

336 3343 462 3397 Dilatum
480 3343 581 3410 longae
600 3344 699 3396 damna
716 3345 817 3396 tulisse
836 3360 937 3400 morae.

167 3413 224 3468 192.
243 3395 369 3462 Dilatum
387 3427 421 3462 ex
440 3410 538 3462 Ouidio
556 3426 604 3476 pro
623 3413 711 3463 nostri
729 3412 852 3464 Vilatnm
870 3413 1018 3478 posuimus.
