2590 3984
181 166 224 231 90
486 135 554 222 maj
567 169 618 220 111.
653 185 679 218 v.
698 169 841 236 aea-,ssa
900 138 904 143 ’

181 319 301 382 Addidit
324 320 354 378 iu
377 320 435 380 fine
459 319 628 380 miseranda
650 339 705 400 pro
728 340 819 400 prece
843 323 937 402 patris
1100 331 1151 382 555

224 399 380 467 Aeacideu‘r
403 405 492 464 luuus
515 406 681 466 restituisse
704 407 792 484 patri.

181 489 251 552 Sole
274 489 411 550 trahente
433 487 521 557 dieru,
545 487 674 565 depulsis
697 491 828 571 undique
852 489 954 559 stellis,

225 574 363 634 Memnon
384 573 460 634 bella
483 572 615 652 Phryges
638 573 674 634 ad
697 574 827 637 rediviva
851 575 951 645 trahit,

181 659 242 730 Sic,
266 675 303 718 ne
326 656 501 736 perdiderit,
525 675 584 716 nou
608 666 704 718 cessat
726 659 854 737 perdere
876 657 973 720 lusor:

225 744 262 803 Et
284 748 403 802 revocat
425 740 547 819 cupidas
570 741 605 801 ed
629 759 681 802 sua
706 742 811 804 damna
834 761 951 806 manus.
1100 751 1151 800 570

182 828 241 888 Pax
266 825 362 903 placet
383 827 514 894 Atridae,
539 827 630 885 mittit
651 843 707 903 pro
730 845 802 906 pace
825 828 969 908 peteuda:

154 973 158 980 ,
226 911 286 969 Pax
309 908 396 970 datur
420 917 448 969 et
470 928 589 970 meuses
611 910 699 974 duret
722 921 753 973 ut
775 910 824 972 illa
848 913 932 974 duos.

182 995 298 1056 luteres
322 994 429 1063 studio,
453 994 518 1053 heri
541 1011 599 1073 quo
621 995 734 1064 debuit,
759 1014 863 1057 omues

36 1100 41 1112 ³
89 1063 166 1170 „la-⁵
225 1077 361 1139 Officium
384 1079 485 1138 stratis
507 1078 659 1156 exequiale
683 1079 802 1140 dabant.

49 1139 79 1244 ι,
101 1169 125 1219 ..l
152 1221 158 1256 ,ι
180 1161 332 1231 Quaedam
348 1180 417 1222 vero
434 1170 574 1232 cremant,
593 1171 622 1223 et
637 1163 781 1242 quaedam
796 1182 923 1244 corpora
938 1161 1083 1232 tumbam,
1098 1171 1150 1221 575

117 1261 158 1320 ,μ’
225 1245 375 1308 Plauando
399 1264 520 1326 campos
543 1246 578 1306 ad
602 1265 675 1308 nova
700 1247 776 1310 balla
800 1256 916 1328 parant.

424 1426 486 1481 HIC
503 1427 650 1483 HECTOR
668 1427 906 1507 humbaudus.

182 1551 311 1612 Hectore
335 1549 450 1631 dejecto
473 1548 634 1610 lamentum
657 1550 764 1610 Troica
778 1551 882 1630 ‚pubes

226 1636 262 1695 Et
285 1633 443 1711 planctum,
468 1633 557 1712 Troja
580 1635 619 1695 sit
640 1637 709 1714 quia
733 1635 835 1700 hacta,
860 1635 944 1694 levat.

180 1721 257 1780 Ante
281 1720 361 1779 lores
383 1717 490 1796 Trojae
512 1736 620 1796 magno
642 1720 674 1777 iit
693 1719 816 1800 honore
831 1717 1032 1797 sepulchrum,

79 1819 132 1880 'iz-a
226 1803 281 1862 llic
303 1805 428 1866 nimium
452 1802 593 1874 lacerans
609 1803 736 1863 Teucria
757 1821 868 1880 corpus
891 1803 1002 1862 humet.
1099 1811 1151 1860 580

136 1961 138 1964 Ι
182 1887 265 1947 lllore
288 1904 341 1946 suo
364 1886 498 1948 tumbam
522 1887 709 1948 circumdant
731 1885 858 1948 luuebre
879 1885 960 1948 ludo.

98 1971 100 1975 ’
226 1971 278 2032 Est
300 1970 362 2038 ubi,
386 1989 473 2050 quam
497 1971 596 2030 timuit
617 1973 761 2032 maximus
784 1971 865 2032 orbis
887 1971 996 2031 homol
1059 1983 1072 1998 ¹

424 2132 486 2187 Hic
505 2133 724 2188 PALAMEDES
742 2133 802 2189 FIT
820 2135 902 2189 REX.

183 2256 248 2319 Nou
272 2243 368 2318 cessat
390 2256 488 2318 medio
509 2255 681 2317 Palamedes
703 2263 846 2336 tempore,
871 2275 988 2318 causam

226 2340 418 2402 Praeteritam
441 2348 577 2411 renovat,
601 2341 774 2403 ambitiosus
798 2351 870 2406 erat.

151 2499 155 2507 ¹
178 2426 333 2488 convocat
355 2425 404 2485 hic
425 2427 565 2505 populum
589 2442 680 2505 super
702 2427 839 2506 imper10‚
862 2427 1028 2505 recitatque
1099 2432 1148 2482 585

227 2508 348 2586 Imperii
371 2510 497 2589 cupidus
519 2511 617 2570 omnia
640 2509 717 2571 dieta
740 2512 834 2588 prius.

183 2593 265 2654 luter
287 2600 406 2654 ventosa
428 2593 526 2673 plebis
548 2593 686 2672 suffragia
710 2611 803 2655 coruu

226 2677 361 2738 Ambitus
384 2679 472 2738 otiam
495 2678 573 2738 llavit
595 2679 624 2737 iu
648 2694 700 2738 ora
723 2677 840 2740 ducum.

251 2912 423 2965 5650001100
447 2912 480 2962 ob
503 2915 618 2961 metrum
642 2928 690 2978 pro
709 2913 808 2966 Adicit.
844 2915 922 2964 Haec
940 2912 1035 2962 narrat
1052 2911 1151 2976 Epito-

183 2985 279 3035 mator.
297 2997 323 3031 v.
343 2983 407 3034 1031
427 2994 486 3045 sqq.
555 2981 613 3030 567.
629 2981 742 3046 Margo:
761 2969 857 3046 Pugna
875 2981 912 3045 xj.
932 2980 982 3031 Ov.
1000 2981 1038 3045 11,
1061 2981 1109 3030 164

168 3043 178 3056 “
369 3074 403 3084 -
421 3072 453 3082 -
471 3050 520 3096 aut
537 3048 655 3097 medium
674 3049 730 3098 sole
748 3053 860 3100 tenente
879 3047 958 3100 diem.

181 3117 241 3168 569.
262 3115 301 3166 70.
322 3113 372 3165 Or.
391 3115 442 3165 Ara
459 3115 517 3165 Am.
536 3116 558 3176 1,
576 3117 635 3165 451.
656 3118 688 3165 52

302 3181 358 3244 Sic,
376 3195 409 3231 ne
425 3181 584 3246 perdiderit,
604 3197 658 3232 non
675 3185 769 3233 ¹cessat
787 3182 903 3246 perdere
921 3182 1009 3235 lusor:

335 3249 372 3299 Et
390 3252 503 3300 revocat
521 3249 635 3313 cupidas
654 3247 717 3298 alea
736 3248 841 3299 blanda
858 3265 963 3300 manua.

181 3319 241 3368 572.
261 3318 365 3381 Margo.
400 3317 460 3366 Pax
482 3315 518 3367 vla
542 3315 655 3366 duorum
677 3332 818 3367 annorum.
843 3317 891 3368 sad
910 3333 1065 3382 perperam,
1088 3329 1151 3364 nam

182 3385 317 3434 mensium
334 3383 478 3448 legendum
499 3388 548 3433 ast.
618 3385 675 3434 575.
696 3383 761 3434 Ood.
779 3399 873 3450 papea.
942 3387 1001 3436 587.
1019 3382 1152 3450 marginis

183 3451 317 3505 acholion.
344 3452 429 3502 verba
448 3449 613 3502 ambitionis.
