2574 3976
124 165 126 170 ⁸
173 194 236 261 156
488 198 552 248 55).
569 198 603 250 v.
636 198 825 250 v.ren-ae1.

216 349 342 411 Brachia
366 357 438 410 sunt
459 351 567 426 animo,
592 352 634 410 sie
657 350 705 410 leo
728 353 779 412 liet
801 351 901 410 bomo.
974 403 977 408 .

176 435 252 495 Sunt
275 452 408 513 eaquae
430 433 532 503 doceo,
555 434 696 497 fortunae
721 445 821 496 uetera
842 433 962 502 mando,

216 518 294 579 Hinc
317 518 389 597 quid
411 526 521 588 ruente,
545 519 623 580 ierat
645 519 771 598 quilibet
793 537 855 588 ore,
880 521 965 580 solat.

455 665 674 733 [55555555
693 665 851 735 nennio]

174 770 254 832 Dixit
277 778 306 831 et
328 770 464 839 obticuit,
489 771 589 832 videas
612 789 746 833 mussare
768 771 937 838 oolrortem;
1094 773 1149 828 135
1261 819 1274 842 ,

216 854 359 924 Haerent,
384 856 451 934 quis
473 858 603 933 primurn
627 855 733 917 reddat
754 855 790 918 ad
812 857 869 917 ista
894 873 1009 917 sonum.

176 939 308 1019 Cumque
331 945 493 1008 teneretur,
517 938 572 1000 bac
596 957 668 1000 rone
690 940 809 1001 silentia
832 941 913 1020 rupit

215 1025 356 1093 Antenor,
381 1030 451 1084 natu
475 1040 543 1084 nam
567 1025 622 1084 init
645 1022 694 1085 ille
716 1026 812 1104 prior:

173 1107 267 1168 Nemo
290 1109 416 1169 miretur
439 1125 458 1168 o
482 1108 547 1167 rex!
571 1110 704 1184 angustia
728 1115 858 1170 mentem

216 1191 248 1251 Si
270 1193 340 1252 terit
363 1201 392 1252 et
413 1190 550 1253 tenebrat
573 1194 734 1271 irrequieta
755 1202 847 1253 tuam.

174 1277 325 1336 Fortunae
348 1293 437 1355 saepe
458 1283 524 1336 rota
546 1294 601 1337 nos
622 1276 746 1338 involvit
768 1294 887 1348 arenae,

216 1359 339 1440 Quoque
365 1360 506 1430 feramur,
531 1360 627 1423 adhue
651 1363 714 1423 alea
737 1360 858 1440 grandis
880 1362 967 1422 inest.

174 1444 269 1515 Sensi,
293 1445 421 1516 sensisti,
444 1446 536 1505 sensit
557 1447 709 1524 provincia
731 1455 807 1507 tota:

216 1528 346 1590 Troibns
368 1527 518 1590 horrenda
542 1528 736 1608 multiplicata
759 1529 847 1591 mala.

174 1613 287 1674 llloesto
310 1613 400 1675 corde
423 1612 546 1692 loquor:
570 1615 657 1685 Quod
679 1613 921 1694 inexpugnabilis
943 1615 1062 1684 Hector,
1093 1623 1146 1672 tto

190 1765 193 1772 ,
216 1696 397 1775 Deiphobus,
421 1697 544 1759 Troilus
567 1700 684 1760 corruit
704 1709 793 1776 atqne
816 1698 914 1759 Paris:

175 1781 214 1841 Se
239 1779 340 1860 duplat
362 1783 404 1842 mi
427 1782 512 1842 dolor
534 1783 615 1863 qnod
639 1791 670 1844 et
691 1784 722 1844 in
745 1783 855 1844 virtute
876 1799 931 1862 per
954 1800 1058 1845 omnes

219 1865 382 1927 Terrarum
405 1865 480 1927 lines
502 1885 562 1926 non
586 1866 718 1928 habuere
741 1883 838 1945 pares.

174 1949 301 2028 Semper
324 1948 462 2010 crudeles
484 1951 641 2012 adversum·
662 1952 781 2012 sortiter
804 1951 902 2012 hostes

216 2037 302 2094 Arma
326 2033 506 2104 levaverunt,
531 2035 700 2096 occubuere
721 2045 831 2097 tamen.
1092 2044 1146 2093 tto

175 2119 267 2179 Casus
290 2119 446 2198 praeteriti
468 2122 633 2198 praesentis
654 2123 789 2200 itemque
811 2121 905 2182 intnri

215 2201 373 2281 Temporis
395 2205 496 2264 intuiti
519 2221 568 2265 res
591 2204 743 2266 recitando
767 2223 887 2276 snmus;

173 2286 232 2346 Sed
256 2286 313 2348 luit
335 2288 472 2349 occlusus
495 2297 616 2350 nostrae
637 2291 763 2350 rationis
785 2289 906 2359 ocellus,

215 2371 278 2432 Nee
300 2370 377 2431 bene
398 2371 549 2449 praeludit
570 2374 628 2434 iata
651 2373 751 2434 lutura
775 2373 868 2434 loeus.

173 2454 300 2526 Quando
324 2455 524 2533 Tyndaridem
546 2455 672 2518 Menelai
695 2455 785 2535 Troja
808 2460 931 2535 recepit,
1092 2465 1146 2515 155

215 2539 282 2600 Η55
303 2549 445 2618 qnantum
468 2541 591 2621 Phrygii
613 2544 767 2619 sanguinis
788 2541 836 2602 illa
859 2542 937 2603 tulit.
1009 2561 1012 2567 ’

171 2625 249 2684 Arva
271 2623 464 2685 cadaveribus
486 2635 556 2686 sunt
577 2626 675 2704 plena,
699 2627 836 2704 sepulcra
860 2624 992 2706 sepultis,

216 2706 354 2787 Undique
377 2717 456 2769 terra
481 2709 569 2770 rubet
591 2711 737 2786 sauguine
760 2711 838 2789 pieta
861 2710 1021 2790 Phrygum.

172 2790 319 2868 Quodque
341 2789 421 2871 loqui
444 2794 569 2854 minime
591 2796 656 2854 siue
679 2792 761 2854 luotu
782 2813 951 2874 possumus,
975 2793 1023 2856 illa

216 2877 309 2938 Unica
332 2895 400 2955 spes
422 2874 505 2953 belli,
528 2877 716 2940 Penthesilea
739 2879 804 2948 init,
1087 2885 1142 2936 too

171 2959 210 3020 Et
232 2978 300 3021 cum
322 2962 428 3039 regina
451 2960 585 3024 lunatum
609 2963 722 3024 corruit
745 2979 863 3039 agmen,

241 3145 290 3195 '135
309 3159 351 3209 sq.
370 3143 428 3195 Oir,
448 3145 540 3199 Gaanlt.
561 3147 638 3196 Alex.
655 3147 705 3208 IV,
726 3148 774 3198 110
793 3161 833 3211 eq.

289 3219 292 3226 '
376 3237 409 3248 -
428 3237 460 3247 -
479 3214 637 3278 ambiguum
655 3215 752 3264 videns
770 3229 894 3264 morsare
913 3219 1050 3276 renatum,

273 3278 312 3328 nt
328 3279 440 3330 siluisse
460 3279 508 3330 diu
525 3281 688 3345 perhibetur
705 3282 792 3342 ouria,
811 3281 900 3332 donee

274 3343 421 3396 Parmenio
440 3352 491 3401 ete.

170 3413 229 3462 763.
256 3410 323 3462 (lod.
350 3413 376 3462 S.
396 3413 416 3462 f.
434 3413 550 3464 ‘clausus
568 3415 685 3464 rationis
704 3415 819 3466 ooellne.
898 3417 956 3467 tet.
978 3415 1036 3470 eod.
1056 3421 1145 3465 orme.

170 3479 229 3532 760.
247 3493 342 3544 mergo
361 3481 477 3544 praebet
494 3483 559 3533 ruit.
