2574 3976
1065 243 1127 308 201

165 403 256 462 Vince
278 402 362 478 prius
383 400 539 469 Venerem,
564 402 589 461 si
614 401 655 460 vis
678 418 769 480 eques
791 417 856 461 esse
880 401 988 460 virilis:

208 486 306 546 Armis
329 490 358 545 et
381 485 490 546 Veneri
512 503 600 546 neme
623 501 727 545 vacare
749 491 855 563 potest.

166 569 228 630 Nec
249 569 323 638 laus,
347 586 403 629 nec
426 569 570 650 probitas,
593 587 650 630 nec
672 569 769 628 honor
790 587 934 646 superare
957 566 1100 648 puellam:

207 654 266 714 Sed
290 652 412 715 Veneris
434 655 537 715 vitium
561 655 679 715 vincere
702 653 798 715 laudis
821 669 905 732 opus.
1096 661 1128 710 το

65 769 68 772 -
164 737 231 800 Noli
254 755 333 799 nunc
355 739 466 801 frustra
490 738 613 799 Veneris
636 737 687 798 sed
710 747 806 799 castra
829 736 987 798 Minervae.

207 823 287 884 Haec
309 822 396 884 docet
417 822 467 884 illa
489 822 574 893 lurit;
600 823 672 883 haec
690 820 781 900 juvat,
805 821 853 883 illa
876 827 972 883 nocet.

164 909 229 969 dam
251 907 396 987 resipisce
417 907 498 982 Pari,
522 925 668 986 navesque
690 906 827 986 relinque
851 911 975 982 paratas,

207 989 335 1054 Consilio
358 1008 468 1070 parens
487 993 548 1070 jam
572 994 714 1070 resipisce
737 991 818 1053 Pari!

167 1077 240 1138 Cum
263 1078 302 1136 sit
324 1094 407 1137 amor
430 1077 545 1145 vetitus,
570 1079 652 1137 vetiti
674 1075 769 1136 malus
791 1083 876 1136 actus
898 1076 1017 1136 amoris.
1097 1083 1129 1132 ⁷5

209 1160 241 1221 st
263 1159 358 1221 malus
381 1179 452 1237 ergo
475 1169 576 1230 nucet;
600 1162 625 1220 si
647 1169 743 1229 nocet,
767 1176 839 1238 ergo
862 1159 940 1237 luge.

166 1244 256 1323 CuJus
278 1253 381 1324 coepta
404 1242 509 1312 scelus,
534 1245 666 1306 medium
689 1247 787 1314 timor,
812 1244 907 1304 exitus
930 1245 1022 1322 ignis:

209 1328 253 1388 Tu
276 1331 357 1407 luge,
379 1336 410 1389 tu
433 1327 570 1408 reprobe,
593 1336 626 1388 tu
648 1328 807 1389 metuendo
832 1346 912 1388 cave.

169 1413 228 1474 Sed
251 1423 393 1491 concepta
418 1413 523 1494 nequis
546 1415 638 1474 vitare
661 1412 801 1490 cupidine
824 1413 927 1482 victus,

210 1496 274 1569 Quo
297 1497 495 1578 quodcunque
517 1515 605 1576 paras
628 1505 711 1577 peste
733 1514 841 1577 parare
863 1514 975 1576 parem.
1097 1506 1131 1555 80

168 1582 211 1643 Te
235 1589 284 1642 tua
306 1583 365 1642 lata
389 1582 520 1653 trahunt,
544 1599 581 1642 ue
604 1589 707 1661 coepta
730 1581 900 1660 relinquere
923 1582 1034 1660 possis:

213 1666 250 1728 Ut
272 1667 370 1746 rapias
391 1664 535 1728 Helenam
557 1675 587 1726 te
610 1673 658 1728 tua
682 1665 740 1727 ieta
763 1665 892 1727 trahunt.

169 1751 217 1812 Sic
240 1758 285 1811 est
308 1752 404 1812 omnis
427 1769 537 1820 amans,
561 1753 604 1811 sic
626 1769 667 1818 se,
690 1752 733 1812 sic
756 1751 853 1811 omitia
877 1751 1003 1827 spernit:

211 1835 385 1906 Consilium,
409 1836 529 1904 lamam,
553 1835 684 1904 loedere,
707 1834 783 1914 jura,
809 1834 891 1894 deos

169 1920 225 1981 llic
248 1938 331 1981 amor
355 1927 387 1980 ut
408 1937 561 1998 praecone,
586 1929 618 1980 ut
640 1937 757 1990 coecus,
782 1927 814 1979 ut
836 1920 1029 1996 impetuosus
1099 1929 1132 1976 85

214 2005 253 2066 Ut
274 2005 389 2064 ratione
412 2022 529 2074 careus,
552 2004 653 2065 nescit
670 2004 781 2065 habere
804 2003 935 2064 modum.

170 2089 226 2150 llic
249 2106 333 2149 amor
356 2096 401 2150 est
422 2107 533 2158 amens,
558 2088 625 2151 aliis
647 2090 787 2150 inimicus
811 2095 840 2148 et
862 2089 933 2166 ipsi;

211 2173 278 2234 Nun
301 2190 393 2242 amer,
416 2174 508 2233 immo
531 2171 643 2242 scelus;
667 2190 725 2233 nun
748 2171 857 2241 scelus,
879 2173 971 2232 immo
993 2171 1088 2233 luror.

170 2257 293 2318 Instruit
316 2272 388 2332 ergo
410 2263 498 2326 rates,
521 2258 628 2317 transit
650 2274 741 2326 mare,
765 2257 883 2337 quaerit
904 2257 1040 2325 amicam,

213 2341 296 2401 llane
317 2341 405 2420 rapit,
429 2341 483 2401 hac
507 2343 626 2412 inuitur,
651 2341 726 2401 hanc
749 2340 826 2402 male
849 2346 929 2400 tutus
951 2338 1050 2401 habet.
1100 2349 1134 2398 9ο

171 2425 317 2487 Custodes
338 2442 391 2484 seu
415 2426 450 2494 ri,
474 2444 528 2485 seu
551 2442 685 2494 munere,
709 2443 762 2485 seu
785 2443 874 2504 prece
898 2424 976 2495 victi,

216 2507 265 2568 Vel
288 2526 371 2579 nece,
396 2509 440 2568 vel
463 2508 596 2581 latebris,
620 2509 666 2568 vel
688 2511 805 2586 periere
828 2515 919 2569 metu.

171 2593 235 2664 Quo
258 2610 311 2653 rex
334 2593 436 2655 audito
458 2592 617 2672 Menelaus,
641 2594 710 2654 dum
734 2593 835 2654 fremit
855 2595 910 2662 ira,

214 2678 268 2738 Vix
290 2685 373 2739 tenet
394 2697 410 2739 a
433 2677 529 2758 gladio
552 2697 584 2739 se
608 2677 736 2740 leriente
758 2695 872 2739 manus.

170 2761 244 2831 Flet,
267 2769 359 2837 tonat,
383 2765 501 2829 insanit,
525 2763 653 2832 frendet,
677 2764 779 2841 gemit,
803 2771 926 2832 aestuat,
951 2761 1043 2831 ardet,
1100 2770 1132 2818 ss

216 2847 334 2908 lucusat
356 2865 490 2926 superus,
514 2849 639 2916 muenia,
663 2848 731 2916 lata,
755 2849 873 2908 fretum.

171 2930 242 2992 Odit
263 2933 342 2992 enim
366 2934 454 2992 vitam
477 2931 564 2992 simul
587 2942 616 2992 et
639 2931 741 2992 solatia
765 2935 855 2993 vitae:

215 3015 344 3084 Divitias,
367 3018 511 3094 requiem,
535 3015 651 3093 gaudia,
675 3025 801 3094 sceptra,
826 3015 935 3078 cibum.

171 3098 280 3160 llavult
301 3101 367 3178 ipsc
390 3103 481 3160 morl:
505 3102 572 3180 quia
596 3117 655 3160 nun
679 3101 824 3162 moriatur
846 3099 970 3170 adulter,

215 3185 264 3245 Sic
288 3202 350 3253 sua,
374 3185 415 3245 sic
438 3192 557 3263 reputat
578 3203 611 3246 se
633 3185 705 3245 nihil
729 3183 840 3266 absque
862 3203 925 3246 sua.
1088 3193 1136 3241 tou

173 3267 326 3330 Excidium
349 3267 455 3348 Trojae
478 3278 594 3336 tractat.
618 3268 747 3337 molitur,
772 3268 903 3330 anhelat:

216 3352 293 3413 Dum
316 3353 412 3414 sulum
436 3353 569 3414 Paridem
595 3355 674 3415 ducit
697 3353 781 3414 ubire
806 3371 920 3433 parum,

241 3542 281 3593 71.
312 3540 415 3589 frustra
432 3560 466 3580 =
484 3541 581 3603 frusta,
601 3539 715 3588 insueta.
