2574 3976
194 179 257 245 170
505 183 566 237 Lib.
585 184 633 233 VI.
669 201 695 233 v.
717 184 859 236 tot—13⁷.

192 335 302 404 Diruis,
325 334 475 403 aedilicas,
498 341 596 395 mutas
618 335 761 414 quadrata
783 336 931 406 rotundis,
1123 349 1173 399 105

238 419 288 480 list
310 419 398 480 bodie
414 417 516 500 piletus,
539 418 619 497 quod
642 418 695 480 tibi
717 422 798 481 risus
820 421 897 482 heri.

193 501 309 564 Erubui
331 506 505 582 gremioque
527 502 624 582 pudor
647 502 756 582 dejecit
777 503 890 566 ocellos

236 587 279 648 'l'e
301 588 406 665 primis
427 585 526 648 verbis
547 589 631 667 pacis
652 587 782 650 habente
804 599 918 668 tropos.
1264 605 1265 622 ¹

195 672 315 752 Siquis
338 674 370 732 in
397 689 450 732 ore
473 671 547 733 duas
569 669 667 750 aliquo
691 673 748 732 lert
769 681 906 751 tempore
928 674 1047 754 linguas

236 757 334 818 Altera
357 755 491 836 praecidi
513 757 629 835 forcipe
650 755 740 817 debet
762 758 798 817 ei.
1120 769 1172 818 110
1263 727 1266 888 l

193 841 275 902 Inter
297 840 445 901 veridicos
468 857 529 900 uon
552 838 641 902 debet
664 849 743 902 stare
766 840 917 920 bilinguis,

237 925 289 985 Est
311 926 379 1004 quia
403 924 542 986 dedecori
565 928 688 1004 propria
712 924 812 1004 lingua
835 925 903 987 sibi.

195 1008 329 1087 Simplex
350 1008 530 1088 principium
553 1007 664 1086 duplici
686 1011 744 1088 qui·
759 1011 817 1070 doe
840 1008 947 1085 relidit,

237 1093 291 1154 Hic
314 1094 372 1153 erit
392 1094 515 1162 invisus,
538 1091 607 1153 bina
630 1094 709 1172 quod
732 1112 786 1155 ora
809 1101 904 1172 gerat.

195 1177 268 1238 Fine
290 1175 434 1253 probatur
455 1176 554 1246 homo,
578 1187 678 1239 careat
701 1177 892 1240 successibus
915 1187 999 1259 apte;

237 1261 379 1339 Quisquis
402 1259 440 1322 ab
462 1268 569 1323 eventu
592 1263 681 1324 corda
704 1263 832 1323 notanda
855 1263 972 1342 probat.

197 1345 270 1407 Esse
293 1348 338 1407 tui
360 1345 460 1406 cordis
482 1363 538 1424 ego
560 1352 589 1406 te
612 1349 761 1408 sententio
783 1349 892 1415 iurem.

241 1431 298 1502 Qui
321 1429 399 1491 bona
422 1428 492 1491 dum
515 1429 646 1510 loqueris
669 1448 728 1492 non
751 1430 828 1492 bona
852 1431 944 1493 corde
965 1434 1058 1510 geris.
1145 1497 1149 1503 ,

198 1514 316 1576 Mobilis
338 1521 368 1575 et
391 1516 470 1576 varia
493 1532 612 1594 semper
634 1523 739 1576 natura
761 1514 919 1586 malorum,

240 1599 282 1660 lix
305 1599 361 1659 hoc
383 1597 480 1659 lentur
503 1602 533 1659 iu
556 1598 631 1669 boc·
647 1606 733 1668 torta,
758 1607 869 1661 retorta
892 1608 1008 1670 tenens,

147 1707 156 1724 ·
196 1681 406 1746 Osceleratel
431 1682 488 1744 duo
512 1684 659 1745 contraria
684 1684 743 1745 lers
766 1687 797 1745 in
821 1684 940 1747 eodem!

239 1767 329 1828 Ote!
352 1767 532 1846 redargutus
555 1785 627 1847 ergo
649 1767 758 1830 recede
781 1768 902 1849 proculi

198 1852 234 1913 Et
256 1853 356 1914 statim
377 1851 514 1914 Priamus
536 1849 701 1930 exsurgens
723 1852 877 1914 llammeus
898 1871 951 1914 ore

238 1936 395 1998 Succincte
418 1935 544 2016 reliquis
567 1937 707 1999 omnibus
729 1938 786 1998 ista·
806 1937 893 1997 serit:

197 2021 342 2084 Nolumus
365 2021 400 2081 ad
423 2035 511 2082 voces
533 2023 691 2083 Antenoris
713 2039 777 2082 esse
799 2020 906 2083 rellexi

241 2105 302 2166 Pax
327 2113 446 2166 etcum
470 2123 543 2184 pace
565 2107 603 2166 sit
624 2114 693 2168 nota
715 2122 824 2186 perpes
847 2107 886 2180 ei,

127 2256 129 2264 ,
196 2189 256 2261 Qui
279 2188 389 2252 bellum
411 2191 498 2269 petiit
520 2197 636 2252 mature
658 2188 734 2251 bella
757 2189 887 2270 reliquit,

242 2273 358 2335 Rullum
381 2275 530 2336 consuluit
552 2282 582 2335 et
603 2275 691 2335 modo
714 2273 791 2336 bella
807 2275 892 2352 lugit.

198 2359 279 2421 llaec
300 2355 372 2419 lacit
395 2367 433 2429 et,
457 2361 562 2440 positis
584 2361 614 2420 in
637 2359 782 2419 seditione
803 2355 991 2437 quibusdam,

239 2443 354 2512 Plures,
379 2459 451 2520 quos
473 2451 576 2514 tentat,
600 2446 631 2504 in
654 2461 707 2504 sua
728 2451 794 2502 rota
818 2451 911 2503 vocat.

198 2527 318 2606 Detegit
340 2527 475 2589 imbelles
497 2530 612 2589 animos
634 2529 677 2589 nil
697 2528 815 2588 fortiter
838 2533 908 2587 ausa

241 2611 363 2686 Seditio,
388 2619 487 2673 nostra
511 2631 570 2672 nou
594 2610 746 2674 toleranda
770 2612 869 2673 domo.

198 2696 431 2758 Contemnamus
454 2714 514 2764 eos,
539 2696 591 2757 sed
614 2714 666 2756 vos
689 2703 783 2756 estote
805 2697 913 2774 parati,

240 2780 381 2842 Protinus
403 2790 436 2840 ut
457 2779 579 2841 maudei
601 2797 682 2840 arma
704 2779 803 2841 levare
826 2777 913 2846 tuba;

198 2865 297 2928 Portis
319 2866 409 2943 exite,
433 2867 539 2926 castris
559 2865 726 2941 irrumpim.
750 2865 880 2925 Graecos

242 2949 380 3019 sternite,
402 2949 536 3010 viventes
557 2951 663 3011 mortis
686 2949 716 3010 in
739 2965 821 3010 arma
844 2947 921 3007 date.

197 3034 338 3114 Supremi
360 3036 511 3095 mittemus
533 3037 564 3094 in
587 3034 642 3096 hos
664 3035 836 3094 certaminis
858 3049 970 3101 ensem,

269 3271 326 3321 105.
353 3269 464 3320 Horatii
492 3268 777 3333 estEp.I,1,100‚
807 3269 853 3332 qui
872 3263 964 3316 Diruit
987 3270 1042 3318 etc.
1069 3265 1168 3317 habet.

200 3338 261 3395 108.
268 3337 354 3387 schol.
367 3335 570 3394 similitudines.
607 3335 665 3384 115.
677 3335 736 3385 cod.
749 3341 823 3399 opte.
859 3337 916 3386 116.
929 3348 1023 3398 mergo
1037 3331 1169 3397 „putet“.

201 3405 260 3454 119.
276 3402 340 3459 Jur.
358 3403 450 3466 butyr.
468 3401 545 3464 XIII,
563 3403 622 3453 236.
640 3416 673 3450 m.
694 3416 717 3452 e.
737 3417 760 3455 v.
780 3407 824 3452 est
841 3401 928 3451 ferme
946 3416 973 3451 n.
991 3414 1026 3452 m.
1108 3401 1168 3453 135.

200 3484 216 3520 e
235 3469 356 3534 margine
374 3483 423 3534 pro
440 3469 543 3535 porois.
614 3469 671 3519 tet.
689 3482 704 3518 o
722 3468 845 3534 margine
862 3482 911 3532 pro
930 3467 1112 3533 suppremaci.
