2592 3978
422 199 484 250 Lib.
503 199 539 253 11.
574 215 600 250 v.
622 201 764 250 176-202.

111 351 170 413 nar
191 359 253 412 tres
276 351 425 412 Venereus
447 360 478 411 et
499 352 713 431 quinquaginta
736 353 852 414 carinas

156 436 267 499 Omnes
288 445 358 496 sunt
380 436 486 514 plenae
509 437 636 497 sortibus
659 436 773 516 absque
795 455 876 497 sene.

110 525 149 582 At
172 521 291 596 triginta
314 520 412 581 Thoas
433 520 512 580 vehit
535 539 570 580 ex
593 520 779 582 Chalcedone
802 539 916 601 puppes

158 604 235 664 Huic
258 622 358 664 cornes
380 603 524 684 llulippus
546 605 865 686 huicqnefPhidippus
889 615 961 674 erat,

111 688 271 765 Octoginta
293 689 375 749 vehit
397 707 432 750 ex
456 689 544 750 Creta
566 689 712 750 Meriones
735 698 765 749 et

155 772 215 834 Par
236 782 301 833 erat
322 773 498 844 idomeneus
520 774 605 835 lortis
627 777 656 834 ei
679 776 788 834 socius

110 855 158 917 Ex
179 855 285 917 Palaro
307 857 408 919 decies
430 856 596 927 bisbinas,
618 859 796 920 Protesilael

155 940 245 1001 llucis
267 950 354 1002 etex
376 941 490 1022 Pyrgis,
514 961 531 1002 o
554 942 689 1004 Eumele!
713 941 827 1004 decem.

95 1023 171 1086 'Dat
192 1026 313 1101 triginta
335 1034 414 1087 rates
436 1025 603 1088 Podalirius
626 1036 714 1106 atque
736 1026 888 1096 Machaon,

155 1109 262 1188 lutras,
287 1109 484 1190 Triptolemo!
508 1111 631 1173 navibus
654 1121 721 1172 octo
742 1128 834 1172 mare.

113 1190 335 1272 Quinquaginta
357 1202 437 1256 rates
458 1195 612 1258 Patroclus
634 1203 726 1272 agunt
747 1203 778 1255 et
798 1192 929 1258 Achilles

156 1277 200 1338 Ex
223 1278 342 1358 Scythia
364 1288 529 1358 properant
550 1279 810 1360 Myrmidonasque
832 1287 950 1340 vocant.

114 1361 277 1441 lllphineus
299 1367 423 1425 veniens
444 1383 482 1425 ex
503 1365 589 1426 Elide
610 1381 665 1444 per
687 1382 769 1425 mare
792 1363 877 1424 ducit

156 1446 373 1525 Quinquaginta
396 1458 477 1510 rates
496 1449 789 1528 Amphimachusque
812 1465 920 1510 comes.

113 1531 180 1594 Non
203 1531 287 1591 deest
307 1532 454 1609 Argolicis
477 1532 647 1610 praeclarus
668 1533 763 1594 Marte
785 1532 913 1595 Leontos

157 1615 259 1676 Mando
282 1617 480 1694 quaterdenas
502 1635 569 1679 cunr
593 1617 751 1696 Polypoete
773 1624 863 1678 rates.
940 1655 942 1658 -

113 1699 236 1760 Guneus
258 1719 294 1760 ex
318 1699 420 1780 Cypho
441 1720 500 1762 non
523 1704 629 1762 militat
649 1703 764 1780 impare
787 1710 862 1770 voto,

156 1784 215 1844 Sed
238 1784 327 1855 dicas,
351 1786 450 1846 decies
471 1787 589 1847 advehit
611 1794 677 1847 octo
700 1794 792 1846 rates.

113 1869 203 1928 Arma
225 1867 404 1930 Philoctetes
426 1887 485 1930 non
509 1868 666 1939 subtrahit,
690 1869 782 1930 ihrmo
805 1870 920 1930 carinas

156 1952 357 2030 Quadraginta
380 1953 467 2024 vehit,
490 1954 731 2034 Magnesiamquc
753 1950 852 2014 trahit.

116 2037 259 2097 Arcadiae
282 2040 422 2117 princeps
445 2038 626 2117 penultimus
648 2045 691 2098 est
712 2040 869 2117 Agapenor

158 2121 217 2181 Sex
239 2120 339 2183 decies
360 2122 475 2184 ratibus
497 2132 623 2202 occupat
644 2121 694 2184 ille
717 2122 823 2185 solum.

115 2203 289 2265 Mnestheus
310 2209 445 2267 occurrit
465 2205 501 2267 ah
524 2207 656 2276 Athenis,
680 2207 831 2286 puppibus
852 2213 951 2267 autem

155 2288 190 2348 ln
213 2290 431 2366 quinquagenis
454 2309 535 2352 arma
558 2291 700 2370 cibosque
722 2291 810 2351 vehit.

6 2399 7 2430 5
113 2373 174 2434 Has
196 2374 286 2450 igitur
307 2375 496 2454 reliquasque
518 2384 598 2437 rates
620 2393 687 2438 curn
710 2374 800 2436 rebus
822 2393 924 2435 earum

160 2453 360 2534 Quadraginta
384 2477 488 2519 novem
511 2460 559 2522 dic
580 2460 744 2520 lahricasse
766 2458 867 2520 duces.

115 2539 226 2601 Omnes
247 2539 377 2603 illustres
401 2554 430 2605 et
449 2543 552 2605 Martis
574 2547 605 2604 in
628 2541 744 2604 artibus
766 2559 859 2613 acres,

156 2624 240 2685 Mens
261 2625 370 2701 quihus
392 2637 438 2688 est
460 2626 539 2690 nolle
560 2627 678 2696 cedere,
701 2625 788 2689 malle
809 2629 896 2687 mori.

113 2751 316 2763 --.---,-

182 2809 240 2860 175.
272 2811 339 2874 Quis
357 2813 408 2873 sit,
429 2813 578 2875 nescimus,
603 2827 684 2876 quum
703 2812 735 2862 de
752 2812 877 2863 Venereo
896 2811 1014 2876 quodem
1031 2827 1079 2862 un·

115 2875 197 2941 dique
217 2877 304 2928 ellum
326 2878 473 2931 silentium.
542 2881 600 2930 til.
625 2878 689 2928 Ood.
708 2878 871 2931 Celeedine.
924 2880 982 2930 178.
1013 2879 1078 2930 Phi-

116 2941 214 3008 dippus
233 2946 365 2997 eDarete
384 2962 433 3012 pro
451 2947 603 3011 Philippus.
656 2948 713 2997 179.
731 2951 758 2996 ct
769 2961 830 3010 pro:
850 2946 883 2998 si.
937 2946 995 2998 182.
1013 2945 1078 2997 cod.

115 3025 132 3060 o
148 3010 279 3064 cimelee.
332 3015 390 3064 183.
414 3011 480 3064 Cod.
503 3013 670 3065 Polidarius.
738 3015 797 3067 181.
822 3014 847 3063 Α
868 3015 973 3064 Derete
996 3016 1079 3063 nomi-

115 3083 197 3128 natur
218 3078 364 3145 Antiphus.
410 3079 491 3131 Elide
517 3095 566 3147 pro
595 3080 676 3131 llide.
763 3081 820 3131 189.
854 3082 982 3132 Leontee.
1011 3082 1078 3137 Der.

115 3146 263 3197 Leonteus.
343 3149 402 3200 190.
438 3147 503 3198 God.
522 3147 657 3200 Polibete.
740 3150 797 3202 191.
827 3149 868 3200 sic
892 3163 928 3199 ex
944 3147 1011 3199 Dar.
1029 3164 1079 3214 pro

116 3211 214 3277 Cypro.
284 3216 341 3267 192.
369 3231 465 3280 margo
487 3230 535 3281 pro
558 3215 606 3266 ille
624 3215 741 3281 praebet
759 3222 833 3279 octo,
857 3215 908 3266 sed
926 3221 955 3268 et
972 3217 1012 3266 sic
1029 3232 1078 3266 nu·

114 3283 346 3347 mercenarium,
365 3283 460 3334 decies
476 3288 552 3334 octo:
575 3284 745 3350 discreparet
763 3299 781 3333 a
798 3283 915 3345 Darete,
941 3285 988 3350 qui
1003 3283 1077 3343 XXI,

115 3353 144 3397 et
162 3348 197 3399 eb
215 3348 336 3400 Homero
355 3355 384 3400 et
400 3351 475 3401 Dict.
492 3351 538 3415 qui
550 3349 631 3400 XXII
644 3355 798 3402 numerant.
868 3353 927 3402 193.
945 3351 1017 3405 Phil.
1029 3367 1078 3417 pro

114 3414 270 3466 Policteree
288 3417 392 3468 codicis
410 3419 565 3482 posuimus;
584 3419 674 3468 Dares
692 3418 748 3469 alio
761 3418 822 3469 loeo
834 3420 926 3484 posuit
937 3418 1079 3469 Philocte·

112 3487 175 3547 tero,
194 3484 239 3534 hic
256 3484 414 3535 Prothoum.
