2590 3984
428 145 494 236 mu
510 186 561 244 111.
596 199 621 238 v.
640 183 784 239 ora-eac.
1049 183 1090 247 99

121 356 183 417 Nos
206 373 277 434 ergo
300 356 469 417 studeamus
492 354 528 415 ad
552 355 609 415 hoc
632 362 662 415 ut
684 353 761 414 bella
784 354 926 425 residant,
947 357 949 361 ’
994 353 996 357 ’

163 441 333 518 Pugnantes
356 441 491 510 redeant,
514 439 632 500 domata
655 448 740 517 grata
762 447 878 518 petant:

49 562 52 566 -
122 522 271 604 Quidquid
294 523 423 586 delirant
445 541 547 602 reges;
571 523 741 602 plectuntur
763 523 874 592 Achivi.

163 609 254 670 Plebs
276 610 367 670 instat
390 607 459 670 belli
481 609 597 672 sarcina
622 615 682 668 tota
706 607 776 667 tibi!

224 755 400 811 ACHILLES
419 755 562 811 DUCTUS
580 754 709 810 AMORE
727 754 807 810 NON
824 754 982 812 PUGNAT.

124 863 290 924 Concessus
311 863 376 940 paci
400 859 566 939 completur
589 859 719 923 circulus
742 861 820 931 anni,

165 946 210 1007 Ad
233 953 369 1007 centrum
392 945 463 1006 belli
485 963 553 1006 mox
575 953 755 1024 properatur
777 946 830 1007 ibi.

121 1033 253 1095 Graecos
276 1031 375 1092 educit
397 1029 569 1092 Palamedes
593 1037 622 1091 et
644 1037 746 1091 monet
767 1047 872 1091 omnes

164 1115 260 1177 Caede
283 1133 390 1176 necare
414 1132 529 1185 necem,
553 1124 650 1176 morte
673 1115 777 1193 lagare
799 1115 911 1193 lugam.

122 1200 296 1280 Deiphobus
318 1200 463 1280 Phrygios
486 1201 640 1270 instaurat,
664 1201 714 1260 cui
735 1198 910 1261 Palamedes

166 1285 271 1347 Obviat
294 1289 324 1346 et
346 1285 441 1346 valide
465 1283 633 1364 dejiciendo
656 1293 752 1345 necat.

122 1371 155 1432 ln
178 1368 289 1431 bellum
312 1387 371 1431 non
394 1369 549 1449 prodierat
570 1368 707 1430 turbatus
729 1367 857 1429 Achilles

166 1454 302 1528 Pectoris
324 1457 356 1515 in
379 1472 497 1516 camera
519 1453 625 1519 varinus
647 1455 757 1515 amoris
780 1451 902 1516 habens.

12 1547 15 1552 '
121 1539 225 1619 Pugna
247 1547 346 1600 tamen
368 1540 462 1618 surgit
484 1541 639 1610 acerrima,
663 1538 786 1618 spicula,
810 1539 900 1612 conti,
995 1551 997 1556 ·

164 1624 258 1685 Enses
279 1642 311 1685 se
335 1623 470 1694 densant,
495 1624 617 1686 vulnera
640 1621 721 1683 mille
744 1630 857 1683 creant.

122 1709 254 1770 Credatis
276 1707 378 1784 multa,
402 1708 541 1770 simillia
564 1709 631 1770 dico
654 1709 760 1776 ruisse,

163 1792 256 1854 Millia
277 1799 321 1854 tot
341 1794 450 1853 totiens
473 1795 538 1873 quis
561 1793 705 1854 cecidisse
727 1791 829 1870 putet?

121 1878 178 1938 Vix
201 1876 277 1938 bene
300 1877 438 1952 credetis,
461 1877 513 1938 sed
536 1879 664 1948 credite;
688 1884 732 1936 tot
753 1876 872 1955 periere

164 1961 243 2032 Quot
265 1979 392 2022 numero
414 1979 474 2022 non
498 1969 542 2022 est
561 1961 713 2022 intitulare
736 1959 809 2020 leve.

121 2045 231 2108 Mactat
252 2045 431 2124 Naupliades
454 2054 484 2107 ct
506 2046 624 2107 dedicat
647 2064 715 2107 arva
739 2062 861 2114 cruore3

165 2129 348 2191 Substiterat
369 2129 468 2192 nullus
490 2129 573 2192 illius
595 2121 663 2192 a'nte
687 2147 799 2190 manus.

123 2213 196 2275 Nam
220 2216 316 2291 prima
339 2214 416 2275 volat
438 2215 468 2275 in
492 2217 563 2284 acie,
587 2217 761 2294 primusque
784 2213 899 2274 sodales

163 2297 215 2358 Sic
237 2300 348 2360 animat
370 2316 489 2376 pronos,
514 2299 549 2360 ad
573 2317 658 2377 mage
680 2316 773 2376 prona
798 2305 889 2357 vocat.

125 2379 290 2444 Cor'creat
312 2384 342 2442 in
366 2383 487 2452 timidis,
512 2383 615 2444 laudes
637 2381 798 2444 audacibus
821 2389 910 2460 aptat,

164 2466 363 2528 Exhortativis
386 2465 507 2526 vocibus
530 2485 611 2528 arma
633 2475 727 2545 parat.

123 2550 240 2612 Proluit
261 2551 411 2612 interdum
435 2551 562 2612 dominis
585 2567 717 2630 pugnare
737 2548 885 2628 jubendo:

164 2635 230 2696 Non
252 2643 340 2696 nocet
362 2635 489 2696 admisso
512 2634 640 2697 subdere
663 2635 759 2696 calcar
783 2647 867 2712 equo.

121 2719 213 2780 lrruit
234 2719 264 2778 in
287 2718 404 2780 Danaos
426 2718 539 2782 validus
563 2719 726 2799 Sarpedon,
752 2729 782 2779 et
802 2719 868 2780 illos

166 2801 316 2872 Vulnerat,
339 2803 394 2864 hos
416 2806 518 2882 agitat,
541 2805 595 2864 hos
619 2805 688 2866 ierit
708 2804 823 2884 hosque
846 2813 941 2866 necat.

123 2888 187 2950 Rex
209 2905 301 2948 novus
323 2885 372 2949 illa
396 2888 506 2959 videns,
531 2891 661 2967 antiquis
684 2888 795 2949 viribus
818 2905 888 2949 usus

163 2970 286 3033 Advolat
308 2980 337 3032 et
359 2973 469 3033 fortem
492 2973 625 3050 perlorat
648 2991 718 3034 ense
742 2973 859 3034 ducem.

121 3055 245 3140 Exultat
264 3056 365 3124 victor,
391 3056 490 3117 titillat
511 3057 604 3134 gloria
628 3064 768 3127 mentem,

165 3140 263 3211 Quum
287 3139 378 3200 breve
400 3138 510 3202 laetitia
532 3141 664 3202 'Peucrea
687 3159 808 3201 carmen
830 3139 928 3202 habet.

120 3278 322 3286 ffl—

188 3361 248 3411 825,
266 3359 332 3412 Hor.
355 3359 443 3425 Epist.
462 3362 488 3424 1,
508 3361 538 3422 2,
558 3362 598 3413 14.
677 3361 736 3411 826.
755 3360 866 3424 Margo:
889 3360 987 3426 Pugna
1008 3361 1086 3416 XIII.

119 3427 179 3481 848.
198 3426 290 3477 calcar
307 3441 357 3492 pro
376 3427 434 3477 cod.
454 3443 558 3478 carcer.
576 3459 610 3468 -
628 3428 705 3478 subd.
725 3442 746 3482 c.
767 3443 790 3476 c.
808 3427 889 3478 ovid.
907 3428 959 3478 Ars
979 3445 1029 3480 am.
1048 3429 1086 3492 ΙΙ,

121 3497 180 3548 732.
196 3494 309 3549 Remed.
328 3495 386 3548 788.
407 3510 439 3544 cx
458 3495 538 3547 Pont.
558 3495 594 3557 ΙΙ,
613 3496 637 3558 6,
655 3497 696 3545 38.
800 3531 803 3540 .

850 3575 884 3630 7*
