2590 3984
181 161 223 224 72
502 163 565 217 Lib.
583 163 635 215 111.
670 180 697 213 v.
715 164 827 218 57—85.

181 317 299 376 bencus
320 317 444 383 Aeneas,
468 314 553 396 cujus
576 324 666 393 caput
687 332 780 378 acneu
802 315 895 376 cassis

226 399 371 477 Protegit,
394 400 425 458 in
447 397 614 478 Phrygibus
635 401 721 460 firma
744 399 885 460 columna
906 400 974 462 luit.

183 483 220 544 lli
244 484 302 544 (luo
326 482 472 562 Troianos
494 483 633 552 educunt,
657 482 737 544 illico
760 485 856 563 portis
980 483 985 490 '

226 568 404 646 Erumpunt,
428 567 550 629 Graccis
572 566 657 627 obvia
680 569 763 645 signa
784 577 904 646 gerunt.

182 653 373 714 Concurrunt
392 652 515 733 pariter,
538 658 623 712 sonet
643 648 753 712 ictibus
774 652 885 713 arduus
907 654 1019 722 aether,

226 737 423 798 Umbrificaut
444 734 572 797 nitidum
594 735 707 816 spicula
731 738 820 796 missa
843 735 954 816 polum.

184 820 266 882 Mille
287 819 385 882 modis
408 823 515 881 mortis
536 821 663 881 miseros
685 837 767 884 mors
788 837 846 880 una
871 820 1008 891 trucidat,

224 905 290 968 Una
312 913 408 966 morte
430 905 508 965 mori
531 905 569 966 sit
591 905 674 982 quasi
696 912 784 984 turpe
806 903 872 966 sibi.

182 989 240 1051 Per
262 987 387 1067 gladios,
409 1006 465 1068 per
485 987 616 1059 balistas,
638 1007 695 1068 per
716 987 782 1058 tels,
807 1008 860 1067 per
883 1007 970 1049 enses

224 1074 354 1134 Invitant
375 1080 512 1142 mortem,
537 1073 587 1134 dat
608 1091 726 1154 quoquc
748 1073 830 1134 clava
855 1091 970 1138 necem.

181 1157 302 1220 Casside
325 1165 403 1219 tecta
426 1156 507 1234 licet,
530 1165 613 1218 secat
635 1176 697 1228 ors,
721 1158 849 1236 lacitque
872 1167 1011 1236 potenter

227 1242 286 1303 Per
308 1242 439 1303 medium
463 1243 575 1305 ventris
591 1243 696 1304 lerrca
719 1244 820 1321 cuspis
842 1243 910 1302 iter.

182 1326 236 1388 Hic
260 1325 404 1406 jugulant,
428 1325 477 1387 bic
500 1325 665 1396 exoculent,
689 1325 738 1387 hic
759 1325 846 1386 dorsa
871 1334 1038 1396 cruentant,

225 1409 278 1471 llic
301 1412 394 1472 iacies
416 1409 557 1482 lacerant,
580 1409 733 1489 unguibus
756 1428 808 1470 ora
831 1411 939 1486 rigant.

155 1531 158 1536 ·
181 1495 306 1557 Maxima
328 1496 360 1555 iit
383 1495 491 1556 caedes
512 1495 680 1572 hominum,
703 1513 760 1556 nec
782 1494 882 1556 dicere
905 1513 1038 1573 possum,

225 1579 389 1642 Pertundat
410 1583 537 1641 nimium
560 1579 710 1659 quomodo
732 1580 852 1656 sanguis
874 1579 1007 1640 humum.
1040 1609 1043 1616 .

182 1663 332 1726 Fulminat
355 1681 427 1725 ense
449 1681 503 1724 suo
527 1665 571 1724 vel
593 1666 625 1724 in
648 1663 739 1723 armis
761 1663 843 1724 utilis
865 1662 977 1724 Hector

225 1747 304 1808 Ense
326 1755 408 1809 secat
429 1747 555 1824 Danaos,
578 1765 649 1809 ense
672 1746 806 1807 rubricat
827 1764 925 1825 agros.

183 1833 259 1894 lium
283 1835 328 1893 sic
350 1835 471 1902 insanit,
495 1833 592 1894 insani
616 1831 729 1892 viribus
750 1830 872 1893 obstant

229 1916 371 1994 Elpenor,
393 1915 544 1983 Pelamon,
568 1915 713 1978 Schedius
736 1924 765 1975 et
787 1917 905 1976 Durius.

185 1998 371 2062 huxiliantur
393 2000 591 2080 Epistrophus
612 2008 701 2078 atque
724 1999 892 2078 Polyxenus
913 2001 983 2061 illis.

226 2083 344 2165 Sexque
365 2086 450 2145 luere
475 2083 575 2154 duces,
598 2087 745 2165 septimus
766 2085 962 2146 Orcomenus.

183 2167 319 2230 Hectoris
340 2169 372 2230 hi
393 2169 470 2230 vires
492 2176 718 2250 attemptavere,
740 2169 792 2231 sed
815 2167 926 2229 licetur

226 2253 299 2314 Feta
321 2271 461 2332 suprema
484 2272 555 2314 suos
578 2253 625 2314 his
647 2253 728 2314 dedit
750 2261 818 2314 ante
840 2252 941 2332 pedes.

182 2337 357 2417 Euphemus
379 2346 410 2399 et
431 2337 538 2417 Pyleus
559 2336 637 2398 bona
660 2337 839 2399 confidentis
862 2336 986 2398 'troium

225 2422 377 2502 Hippicus,
401 2424 552 2493 dstorcus,
575 2422 624 2484 bis
645 2423 729 2502 quasi
751 2440 856 2483 murus
878 2430 973 2490 erant,

185 2505 368 2568 sternebant
390 2506 517 2568 Danaos.
562 2511 600 2568 tn
620 2508 720 2584 fulgur
741 2507 843 2568 Martis
865 2504 994 2566 Achilles

225 2589 313 2668 ignea
337 2589 470 2652 Plutonis
492 2590 529 2650 ad
551 2591 624 2651 vada
648 2593 739 2652 mittit
761 2609 823 2652 eos.

182 2678 301 2738 Aeneae
323 2677 404 2736 lerro
428 2677 592 2745 consessus,
616 2674 762 2736 arundine
784 2675 883 2734 hierus
1116 2684 1150 2734 85

341 2829 383 2836 ...ρ-

199 2949 204 2972 ,
249 2911 418 2961 hidenses
441 2909 509 2964 Aen.
533 2925 582 2975 pro
606 2909 709 2962 codicis
726 2909 835 2960 Aeneas
851 2910 966 2960 Aeneas.
1036 2912 1076 2962 tu.
1094 2911 1152 2961 No·

181 2979 255 3028 minu
279 2979 379 3028 dueum
398 2980 522 3029 nominet
544 2977 647 3029 Daras:
674 2976 869 3037 Orcomenum,
892 2975 1062 3038 himerium,
1084 2979 1151 3044 Epi·

182 3046 334 3111 etrupbum,
353 3044 509 3109 Schedium‚
528 3045 730 3111 Elephenorem,
747 3045 868 3106 Diorsm,
886 3043 1063 3108 Polyxenam.
1108 3048 1151 3098 81.

180 3114 240 3164 Hos
268 3113 394 3163 nominet
422 3112 523 3163 Dares:
552 3113 734 3177 Euphemus,
770 3110 969 3175 Hippothoum,
1003 3113 1149 3178 Pylaeum‚

180 3180 391 3247 Asteropeanm.
426 3181 530 3232 Noster
546 3181 697 3246 Euphenus
716 3184 745 3229 et
762 3177 886 3230 Philens.
949 3181 991 3230 st.
1010 3179 1083 3232 reda
1101 3196 1151 3247 pro

180 3248 242 3302 cod.
266 3253 340 3301 nate.
415 3250 457 3300 85.
476 3249 550 3299 ferro
573 3263 588 3298 e
612 3247 734 3311 margine
757 3260 806 3312 pro
829 3260 894 3310 pern
916 3246 945 3295 in
969 3261 1023 3312 quo
1047 3246 1152 3312 ,‚vern“

181 3315 293 3365 videtur
314 3315 404 3366 latere
423 3315 472 3366 sed
494 3315 582 3380 prime
605 3314 686 3364 buius
708 3313 785 3364 verbi
806 3312 916 3378 syllaba
937 3313 1030 3365 brevis
1054 3320 1099 3366 est
1120 3320 1153 3366 ut

182 3382 259 3447 Virg.
271 3384 339 3435 Aen,
351 3381 400 3444 VI,
412 3382 462 3432 665
479 3383 516 3431 Et
529 3381 611 3430 tereti
625 3395 752 3445 pugnans
765 3395 892 3431 mucrone
903 3395 1023 3446 veruque
1038 3381 1154 3434 Sabello

181 3451 277 3512 docet,
302 3453 474 3514 quopropter
491 3448 601 3512 „ierro“
620 3463 634 3498 e
652 3449 776 3514 margine
794 3450 960 3514 recepimus.
