2590 3984
208 196 249 260 92
513 199 574 250 Lib.
594 197 645 250 111.
679 215 705 255 v,
724 200 876 260 cla-aaa„

208 349 342 412 Ciuthius
365 353 396 410 in
421 349 507 420 bello,
532 348 678 411 decrescit
700 351 819 413 cinthia
843 353 923 414 curis

251 433 395 495 Continua
416 449 537 516 ‘semper
560 436 709 496 anxietate
731 437 825 496 novis.

207 517 279 580 Esto
301 519 379 598 quod
401 519 432 579 in
454 537 528 598 pace
552 521 628 580 vivat
649 538 703 580 rex
726 527 756 579 et
777 529 866 599 queat
889 523 970 582 omni

249 603 333 665 lutus
356 611 386 663 et
408 603 539 664 exterius
561 605 757 683 prosperitate
779 603 848 665 lrui.
1124 615 1183 664 6202

207 688 317 749 Secure
340 690 427 757 vivat,
450 686 598 766 epuletur,
622 686 727 764 gaudia
750 687 848 758 ducat,

249 772 352 833 Omnis
373 773 405 831 in
428 772 550 832 exilium
573 789 661 832 causa
684 773 800 832 timoris
823 779 879 834 eat.

206 856 238 916 Si
261 857 356 916 ventri
378 854 463 926 bene,
487 858 513 916 si
535 855 621 916 lateri
643 855 729 929 bene,
753 857 778 916 si
800 856 936 935 pedibus,
958 856 1001 916 uil

248 939 368 1017 Regalis
389 941 498 1018 poterit
521 939 631 1000 addere
655 957 754 1000 mensa
778 943 881 1018 magis.

205 1023 269 1084 Non
294 1033 338 1085 est
360 1023 489 1084 tironum
512 1040 566 1084 rex
589 1041 700 1092 servus,
725 1025 841 1104 quaudo
865 1025 1012 1086 ministrat
1095 1035 1175 1082 ,625

249 1107 380 1186 Singula,
405 1125 481 1186 quae
505 1109 581 1168 vitae
603 1105 771 1168 sollicitudo
794 1116 890 1187 rogat.

205 1194 271 1254 Mus
293 1193 428 1272 sequitur
450 1209 568 1271 panem,
591 1192 651 1251 mel
674 1210 784 1264 musca,
808 1194 955 1273 lupusque
978 1185 1116 1263 cadaver]

248 1276 313 1338 Non
335 1293 438 1352 regem
461 1275 588 1355 populus
611 1279 766 1353 quaeritat,
791 1280 882 1338 immo
905 1279 1034 1340 lucrum.

206 1361 272 1422 Non
295 1364 355 1421 erit
378 1378 449 1437 ergo
473 1361 545 1421 mihi
567 1359 672 1421 collata
695 1363 829 1440 potentia
852 1363 934 1430 tanti,

248 1445 287 1505 Ut
308 1445 375 1504 fiam
396 1443 458 1505 litis
480 1451 583 1505 auctor
606 1462 707 1504 amore
730 1445 785 1505 sui.
1123 1454 1180 1502 630*

205 1529 329 1590 Frustra
349 1526 416 1606 jura
439 1527 514 1606 legis
537 1534 707 1607 contempto
730 1529 832 1589 codice
854 1529 937 1606 legis,

248 1613 360 1674 Nomen
383 1611 495 1674 babens
517 1616 607 1690 regis,
631 1614 681 1690 qui
704 1611 780 1674 male
802 1632 894 1690 regna
918 1616 1007 1690 regis.

205 1697 276 1759 Feci
300 1696 343 1756 sic
365 1698 482 1767 lorsam
507 1695 619 1769 sileei,
645 1697 761 1767 nescio;
785 1698 843 1757 leci

247 1778 330 1850 Quae
352 1782 450 1857 potui;
475 1798 566 1859 super
588 1780 634 1840 his
656 1782 778 1859 parcite,
803 1798 923 1860 quaeso,
947 1780 1028 1841 mihi.
1074 1829 1076 1832 .

206 1865 245 1926 Ut
267 1864 365 1925 desint
388 1865 473 1933 vires,
497 1873 596 1926 tamen
619 1873 664 1924 est
685 1862 832 1926 laudanda
855 1863 997 1936 voluntas,
1122 1873 1173 1922 635

249 1948 311 2009 lloc
334 1948 403 2007 lacit
424 1957 456 2008 ut
478 1949 593 2028 placeat
614 1947 673 2008 uon
697 1949 794 2009 minus
817 1966 891 2027 agua
914 1949 998 2010 bove.

206 2033 236 2092 Si
260 2031 385 2093 ducibus
407 2032 505 2111 placet
527 2040 557 2092 et
578 2033 651 2101 aliis,
676 2042 709 2093 ut
730 2035 768 2092 sit
790 2033 965 2094 Palamedes

248 2116 319 2185 Rex,
344 2117 446 2177 hilaris
469 2125 571 2194 surgat
593 2125 622 2177 et
644 2117 781 2177 diadema
804 2118 890 2179 serat.

185 2199 282 2271 'Quid
305 2200 408 2270 refert,
432 2202 498 2280 quis
520 2218 612 2279 regna
636 2208 719 2279 regat
740 2220 821 2261 nunc
844 2203 995 2281 temporis,
1019 2200 1119 2262 hostes

247 2285 322 2345 Dum
347 2285 434 2345 modo
458 2284 654 2345 succumbant
676 2295 705 2345 et
727 2286 838 2365 probra
862 2284 918 2346 lata
941 2286 1034 2348 luant.
1123 2294 1174 2343 640

140 2443 143 2448 Δ
204 2369 247 2430 De
269 2386 364 2447 regno
386 2387 448 2430 non
470 2368 625 2439 sollicitor,
649 2387 703 2448 pro
726 2386 797 2446 rege
820 2370 943 2450 Myrene

249 2454 296 2513 Me
319 2455 451 2532 speciosa
474 2454 551 2532 polis
573 2462 602 2514 et
625 2455 752 2533 spatiosa
775 2461 865 2515 tenet.

204 2537 312 2597 Dicatis
335 2555 485 2616 proceres,
509 2537 607 2616 placet
629 2546 662 2598 ut
684 2541 723 2598 sit
745 2554 797 2598 rex
822 2537 1004 2608 Palamedes

247 2620 363 2698 Regnet
385 2621 421 2682 dc
445 2621 576 2682 Danaum
600 2621 695 2699 deque
718 2621 818 2681 lavore
840 2622 957 2684 ducum.

206 2704 342 2783 Dumque
364 2707 396 2766 fit
419 2723 434 2765 a
457 2705 577 2784 populo,
602 2703 703 2782 placet
720 2705 793 2766 haee
808 2707 947 2785 prolatio,
973 2704 1099 2785 elamor3
1121 2713 1181 2762 6451

249 2788 441 2869 Naupliadem
465 2789 588 2850 decorat
609 2790 772 2868 imperialis
794 2791 899 2851 honor.

204 3007 262 3058 alt.
278 3021 388 3071 margo:
408 3005 458 3056 Sol
476 3010 504 3057 et
522 3007 613 3062 Luna.
631 3009 736 3063 consor.
753 3007 804 3072 ΙΙΙ,
825 3010 881 3060 179.

356 3075 463 3124 Lunam
481 3074 612 3137 consiliis,
631 3075 717 3126 solem
735 3075 919 3126 consumimus
938 3076 1021 3125 armis

204 3140 262 3191 623.
282 3139 350 3191 Hor.
367 3141 459 3205 Epist.
477 3141 501 3203 1,
522 3143 562 3204 12,
582 3143 597 3192 6
616 3157 656 3206 sq.
684 3179 687 3184 -

289 3206 319 3256 Si
338 3209 427 3258 ventri
445 3207 524 3270 bene,
543 3209 568 3258 si
585 3208 667 3259 lateri
686 3213 738 3270 est,
757 3208 927 3273 pedibusque
946 3211 1010 3274 tuis,
1029 3208 1069 3259 nil

287 3275 412 3326 Divitiae
430 3280 561 3340 poterunt
577 3275 683 3339 regales
702 3275 802 3327 addere
820 3275 921 3339 majus.

202 3343 260 3395 636.
280 3342 333 3392 Or.
350 3357 383 3392 ex
401 3343 481 3393 Pont.
500 3342 552 3404 111,
570 3343 595 3405 4,
614 3344 655 3393 79.
724 3345 783 3395 636.
802 3342 869 3397 ibid.
888 3346 930 3395 82.

366 3409 403 3459 Et
421 3408 532 3473 placent
551 3423 633 3460 caeso
652 3425 707 3460 non
725 3413 814 3463 minus
832 3426 905 3477 agna
924 3411 1002 3466 bove.

202 3476 261 3526 646.
279 3475 384 3540 Margo.
403 3475 565 3526 Palamedes
583 3475 614 3527 lit
632 3492 688 3527 rex.
