2590 3984
222 194 285 260 132
554 197 617 252 aaa.
635 197 667 248 v.
702 213 727 247 v.
745 200 854 252 20-45.

263 347 326 410 lllic
349 349 428 410 Mars
450 348 557 410 dubius
580 347 694 419 militat,
717 349 827 430 hicque
850 351 959 412 Venus.
1075 345 1091 382 ·’
1158 364 1194 411 20

224 433 360 512 Pingitur
382 436 412 493 in
435 430 509 495 solio
533 433 627 495 Ninus
649 451 701 494 rex
725 438 935 514 Assyriorum

266 517 428 579 intendens
450 525 545 578 totum
569 517 662 579 llarte
686 518 807 580 domare
829 518 939 592 solum;

225 602 348 666 Romam
373 619 470 681 pugna
493 604 569 683 petit
591 601 640 663 lric
663 621 756 664 annos
780 603 860 664 mille
883 612 1045 673 trecentos,

264 687 346 758 Quae
370 689 498 764 spatium
523 689 621 764 posuit
642 686 725 748 urbis
748 697 777 749 et
800 688 883 748 orbis
906 689 995 751 idem'.

226 771 313 842 Vicit,
337 789 426 850 quem
450 774 547 834 tenuit
569 771 757 833 zoroastrem
781 772 898 833 Bactria
922 791 1034 852 regem,
1157 783 1192 832 25

265 855 321 926 Qui
344 858 459 934 magica
481 857 598 935 primus
621 856 725 917 doctor
747 859 777 917 iu
800 864 865 917 arte
887 858 950 918 luit.

222 939 278 1002 Hic
300 939 426 1001 rubeum
450 941 550 1001 videas
572 957 654 1000 mare
678 940 812 1012 rubrum,
835 942 936 1002 littora
959 942 1045 1022 cujus

263 1025 446 1102 Expugnans
470 1023 565 1085 Ninus
586 1034 700 1103 pugnat
723 1026 759 1085 ad
783 1044 877 1106 usque
900 1026 1041 1106 Scythas:

223 1109 333 1181 Gentes
355 1112 529 1169 innumeras
551 1117 716 1187 superatas,
741 1109 819 1171 bunc
842 1121 1043 1190 superantem,

264 1192 437 1254 Destructas
459 1191 560 1263 urbes,
585 1193 682 1254 diruta
706 1201 802 1255 castra
827 1196 916 1255 videa.
1158 1205 1194 1254 30

221 1277 258 1338 Et
281 1277 401 1338 tandem
427 1285 597 1354 praesentat
619 1296 687 1337 eum
710 1281 825 1340 cortina
848 1281 953 1357 sagitta

264 1360 449 1442 Trajectum,
474 1365 607 1424 moriens
629 1363 773 1440 sanguine
796 1365 889 1442 pingit
914 1365 1047 1425 humum.

223 1446 399 1508 Semiramis
422 1447 557 1509 succedit
580 1449 618 1517 ei,
642 1450 808 1526 reginaque
830 1449 944 1509 celsum

185 1549 189 1556 ·
265 1531 319 1592 Hic
341 1529 424 1592 subit
446 1533 600 1592 auricomo
623 1532 701 1610 picta
725 1533 826 1592 colore
850 1533 1002 1598 thronum.

223 1615 314 1695 Cujus
335 1624 368 1676 ut
389 1615 463 1675 haec
485 1633 611 1694 regnum
634 1618 677 1676 sie
699 1619 806 1678 sumsit
828 1624 859 1676 et
882 1617 972 1680 effera
997 1615 1110 1678 bellum
1160 1626 1194 1675 35

265 1701 357 1762 immo
380 1718 486 1761 rnanus
508 1702 599 1762 armis
622 1699 727 1761 extulit
748 1700 796 1762 illa
820 1703 922 1779 magis,

223 1784 312 1846 Indos
334 1786 450 1853 invasit,
473 1784 596 1854 domuit,
621 1785 733 1846 seruire
756 1787 868 1863 coegit;

264 1870 323 1930 Res
344 1888 378 1930 ea
401 1869 518 1930 diverso
541 1872 620 1949 picta
644 1868 744 1930 colore
767 1871 837 1931 luit.

227 1953 418 2015 Praeteream
444 1953 521 2032 quod
545 1961 751 2033 praeteream
776 1971 835 2014 non
860 1954 968 2014 indidit
990 1954 1072 2015 ludis

266 2038 300 2098 lu
323 2047 386 2099 toto
410 2037 520 2097 muodo
544 2038 619 2098 bella
643 2056 698 2098 nec
721 2055 798 2098 tinus
820 2039 919 2100 bomo.
1160 2048 1196 2095 40
1282 2035 1284 2074 ³

225 2123 350 2200 Magnus
373 2122 541 2184 Alexander
563 2123 655 2183 totius
677 2121 803 2183 malleus
825 2122 906 2183 orbis

270 2207 359 2269 Solus
382 2214 411 2266 et
434 2205 508 2266 baec
529 2206 637 2269 mulier
659 2206 738 2266 bunc
761 2207 904 2268 domuere
927 2207 1035 2268 locum.

227 2293 309 2354 Bella
332 2298 449 2372 patent,
472 2291 524 2352 sed
547 2299 644 2352 scorta
669 2291 771 2362 latent,
794 2309 865 2369 pars
888 2293 1013 2352 maxima
1036 2308 1137 2351 rerum

268 2376 416 2444 Oiiendet‚
439 2378 464 2436 si
488 2393 545 2436 non
568 2375 711 2437 interiora
734 2384 828 2452 tegas.

225 2461 281 2522 Sed
305 2461 461 2521 Treverim
486 2463 602 2540 pictura
626 2459 712 2528 levat,
737 2478 823 2539 quam
846 2458 975 2521 Trebata
999 2458 1104 2519 inndat
1161 2467 1196 2516 45

292 2682 324 2730 23
343 2695 384 2743 sq.
407 2679 538 2729 Narratio
557 2679 699 2729 invenitur
718 2678 790 2744 apud
809 2678 888 2730 Oros.
907 2678 1004 2728 histor.
1022 2678 1045 2739 I,
1068 2677 1092 2739 2,
1112 2691 1193 2743 quem

224 2751 320 2797 noster
343 2761 397 2797 non
416 2746 498 2812 plane
521 2744 677 2808 intellexit,
701 2751 775 2796 certe
799 2746 950 2796 obscuriori
969 2745 1090 2795 dictione
1114 2744 1195 2808 gavi-

225 2829 272 2866 sus
292 2820 348 2875 est,
375 2814 423 2864 ubi
443 2814 521 2864 Oros.
539 2813 712 2877 simpliciter:
745 2817 811 2863 ante
841 2817 935 2864 annos·
952 2813 1037 2864 Urbis
1064 2811 1196 2862 conditae

224 2882 300 2933 mille
323 2887 464 2932 trecentos
477 2880 574 2962 ‘Ninus
597 2895 645 2930 rex
664 2881 757 2946 Assyr.
776 2886 829 2931 etc.
868 2879 981 2931 Orosius
999 2881 1021 2942 1,
1039 2882 1056 2930 4
1073 2885 1102 2930 et
1119 2877 1156 2940 11,
1177 2882 1195 2929 3

224 2949 363 3071 sch‘llrolilrltbs
385 2950 741 3080 ἒΐτιὲαᾞὲεῃξζὲῗιῗνίξῃίαιιθ
758 2948 1104 3082 gaecggjsqrerlimrffaegriaataa
1126 2949 1199 3064 ειὲῐξε

226 3086 358 3135 inventor
371 3084 470 3133 luerat.
505 3084 547 3134 28.
561 3081 626 3134 Cod.
637 3082 739 3146 jubeas
753 3098 803 3134 nos
815 3083 921 3134 videas.
959 3087 1001 3134 39.
1015 3083 1130 3134 Orosius
1141 3082 1159 3133 l.
1173 3096 1196 3130 c.

225 3151 322 3219 „Indis
346 3166 452 3215 quoqne
475 3151 574 3201 bellum
597 3150 705 3210 intulit,
734 3166 786 3217 quo
807 3157 917 3216 praeter
933 3150 1009 3200 illam
1029 3155 1057 3201 et
1075 3149 1198 3199 Alexan·

225 3220 303 3270 drum
321 3219 453 3284 Magnum
470 3218 563 3269 nnllns
580 3218 722 3267 intravit.“
791 3220 825 3268 43
844 3233 883 3282 sq.
907 3217 1023 3270 Orosius
1042 3218 1058 3268 l.
1073 3233 1097 3266 c.
1118 3216 1196 3282 „pri-

225 3291 318 3338 vatam
337 3287 516 3352 ignominiam
537 3285 646 3351 publico
664 3285 769 3336 scelere
788 3285 921 3336 obtexit.“
1004 3285 1046 3335 lb.
1065 3283 1197 3335 Narratio

226 3355 259 3405 de
278 3353 336 3404 filio
354 3353 419 3403 Nini
437 3353 558 3404 'Probata
577 3353 715 3402 invenitur
734 3353 820 3404 Gesta
842 3353 978 3403 Treviror.
1004 3352 1048 3403 ed.
1067 3353 1197 3416 Wytten·

224 3421 298 3473 bach
316 3421 370 3471 vol.
389 3421 410 3475 1.
426 3437 453 3487 p.
471 3423 496 3481 4,
515 3420 563 3470 ubi
582 3435 625 3481 ea,
645 3435 716 3484 quae
735 3419 780 3470 hie
799 3426 883 3471 antee
902 3421 1041 3485 leguntur,
1063 3420 1147 3470 etiam
1162 3434 1197 3468 ex

227 3489 328 3539 Oresio
348 3488 521 3539 exhibentur.
552 3487 633 3553 Apud
652 3487 841 3552 Goultherum,
861 3488 888 3537 in
908 3492 1006 3551 quarto
1025 3486 1198 3537 Alexandre-
