2590 3984
200 179 262 243 100
424 183 484 233 Lib.
502 182 553 234 ΙΙΙ.
589 201 615 233 v.
634 183 778 238 sao-878.
814 183 879 234 Lib.
897 184 944 236 IV.

199 331 374 400 Transvolat
395 332 477 397 illius
498 351 553 412 per
576 332 650 394 colla
673 336 778 412 sagitta
802 333 924 397 trabalis
1119 349 1169 400 855

241 418 327 477 Missa
351 435 442 478 manu
464 417 591 478 Paridis.
638 417 742 480 Exitus
765 420 821 479 isto
845 419 943 480 ducis!

198 501 274 572 Quid
297 508 456 582 penetrare
474 501 557 583 juvat
579 500 698 562 sublimi
720 501 799 564 celsa
822 503 939 564 volatui

240 585 297 656 Qui
320 587 438 652 cecidit.
462 585 560 647 stabili
582 604 643 647 non
666 593 732 648 erat
752 586 802 648 ille
823 587 928 666 gradu.

193 671 316 732 'Corruit
338 671 387 732 hic
410 671 528 741 misere,
551 668 665 748 plaudit
687 669 814 749 Trojana
836 670 985 749 juventus,

239 756 361 817 Hostica
383 762 466 833 terga
489 757 609 834 premit,
632 755 747 816 Graeca
768 764 886 818 caterva
909 758 993 836 fugit.
1117 771 1168 820 860
1276 788 1277 844 3

197 840 289 900 Troes
311 840 480 919 impingunt
501 840 532 900 in
554 848 661 910 castra,
685 839 775 900 lerire
797 840 948 919 Pelasgos,

240 924 361 985 Solvere
384 925 524 1002 captivos,
549 925 618 1002 igne
641 942 777 985 cremare
798 934 888 986 rates.

198 1008 337 1070 Occurrit
358 1007 520 1068 Telamone
544 1015 634 1075 satus.
658 1008 793 1070 defendit
813 1006 951 1080 Achivos,

239 1093 340 1170 Pugna
363 1093 395 1152 tit
416 1092 538 1170 grandis
560 1095 590 1152 in
614 1094 740 1154 statione
762 1094 863 1158 maris.

196 1178 334 1238 Attamen
357 1179 387 1237 in
411 1183 507 1238 castra
529 1178 734 1256 reprimuntur
755 1179 883 1255 turpiter
905 1180 987 1258 Argi,
1114 1190 1164 1240 865

239 1261 354 1323 Sufficit
375 1259 539 1323 introrsum
562 1261 716 1324 delituisse
739 1262 806 1323 sibi.

323 1425 459 1481 GRAECI
476 1424 597 1479 FLENT
615 1424 664 1478 DE
684 1423 795 1480 OBITU
812 1425 1033 1482 PALAMEDIS.

196 1531 330 1593 Continet
352 1529 387 1590 ad
412 1528 485 1592 tales
509 1538 632 1592 eventus
653 1531 748 1592 Aeaea
772 1531 882 1609 proles,

238 1613 326 1693 Cujus
347 1616 530 1676 inaestucrat
550 1617 656 1676 intima
679 1615 781 1677 cordis
803 1632 896 1676 amor.

193 1699 258 1760 Nox
281 1699 378 1760 lucem
402 1698 520 1768 claudit,
544 1701 592 1759 vix
615 1699 758 1762 claudunt
779 1699 877 1760 sidera
901 1699 1022 1771 bellum,

236 1782 310 1844 Belli
331 1801 380 1844 res
402 1787 516 1862 poterit
538 1783 678 1844 claudere
700 1783 782 1846 nulla
804 1785 893 1848 sitim.
1112 1797 1165 1847 870

194 1867 311 1928 Deflent
332 1866 506 1946 belligerum
529 1867 650 1948 Phrygii
674 1869 856 1948 Sarpedona,
881 1867 993 1931 delient

236 1951 432 2032 deiphobum,
455 1951 580 2032 plangor
602 1971 661 2013 non
684 1953 774 2015 habet
796 1952 845 2014 ille
867 1953 1000 2014 modum.

194 2036 243 2097 Sic
267 2047 295 2097 et
316 2037 425 2097 Achiva
448 2037 553 2098 domus
577 2038 628 2097 llet
650 2036 689 2097 ob
711 2037 823 2098 obitum
846 2036 1023 2109 Palamedis,

237 2119 367 2182 Turbida
391 2139 446 2199 pro
468 2120 565 2182 subita
588 2121 756 2201 perditione
779 2121 874 2182 ducis.

194 2205 407 2266 Lamentantur
428 2207 484 2276 ita;
508 2207 552 2266 vir
574 2206 813 2268 servantissimus
836 2208 924 2283 aequi
1112 2218 1162 2268 8⁷5

237 2291 296 2360 Vir,
321 2308 410 2369 quern
433 2290 581 2367 condigne
603 2289 745 2370 plangere
768 2308 857 2351 nemo
879 2297 986 2369 potest,

193 2374 305 2445 Audax,
329 2375 487 2443 discretus,
511 2374 586 2436 nulli
607 2377 718 2452 pietate
741 2375 891 2435 secundus

237 2458 359 2528 Occidit,
383 2461 515 2521 occisum
540 2459 664 2520 Graecia
688 2456 803 2537 plangit
825 2458 942 2520 herum.

514 2661 625 2721 LIBER
650 2659 834 2732 QUARTUS.

323 2791 515 2847 INGIPIUNT
533 2789 717 2845 CAPITULA
736 2788 1030 2860 consumuntur)

192 2899 247 2959 liic
269 2897 377 2958 iterum
400 2904 507 2974 regnat
530 2898 741 2974 Agamemnon.
788 2893 890 2955 Castra
912 2880 1062 2972 sugantur.

193 2982 317 3043 Bisseno
339 2989 396 3042 stat
418 2999 517 3060 pugna
541 2982 598 3050 die,
621 2998 679 3060 pax
702 2998 805 3042 mense
827 2977 958 3058 duplato.

260 3151 316 3205 863,
336 3163 444 3214 mergo:
463 3147 545 3213 Ajux.
614 3149 673 3203 865,
691 3148 759 3213 Argi
777 3163 826 3212 pro
845 3147 914 3196 ormi
932 3149 1037 3200 codicis
1056 3165 1071 3201 o
1089 3165 1161 3201 mar·
1278 3163 1279 3168 ’

194 3217 267 3280 gius.
320 3217 378 3267 867.
396 3232 444 3282 pro
463 3217 521 3268 cod.
540 3216 674 3269 continet.
693 3215 835 3269 adventus.
848 3217 927 3266 -In
939 3217 1064 3282 margine
1077 3223 1160 3270 notu:

193 3285 303 3334 Aeacus
321 3285 418 3348 genuit
434 3279 557 3346 Peleum,
576 3281 679 3332 Peleus
696 3281 838 3332 Achillem.

261 3349 287 3415 ⁸)
307 3350 400 3400 Codex
419 3356 526 3403 tantum
543 3349 627 3400 habet
645 3351 674 3398 in
692 3351 831 3416 margins:
852 3350 977 3415 capitula
990 3353 1084 3416 quarti
1095 3353 1161 3404 libri

194 3421 246 3480 „et
263 3423 327 3482 post
339 3425 543 3483 argumentum:
563 3423 678 3482 quartus
690 3417 786 3468 liber“.
813 3416 996 3469 instruximus
1008 3425 1039 3471 ut
1052 3421 1159 3471 inveni-

194 3499 253 3537 mus
266 3485 340 3550 apud
352 3487 458 3550 priores
470 3486 565 3539 libros.
595 3483 770 3550 Negligentia
783 3484 938 3536 rubricator
951 3501 966 3536 o
978 3487 1066 3551 primo
1080 3503 1161 3540 versu
