<?xml version="1.0" encoding="UTF-8"?>
<!DOCTYPE html PUBLIC "-//W3C//DTD XHTML 1.0 Transitional//EN"
    "http://www.w3.org/TR/xhtml1/DTD/xhtml1-transitional.dtd">
<html xmlns="http://www.w3.org/1999/xhtml" xml:lang="en" lang="en">
 <head>
  <title>
</title>
<meta http-equiv="Content-Type" content="text/html;charset=utf-8" />
  <meta name='ocr-system' content='tesseract 3.04.00' />
  <meta name='ocr-capabilities' content='ocr_page ocr_carea ocr_par ocr_line ocrx_word'/>
</head>
<body>
  <div class='ocr_page' id='page_1' title='image "./troilusalbertis02albegoog_0151.png"; bbox 0 0 2590 3984; ppageno 0'>
   <div class='ocr_carea' id='block_1_1' title="bbox 221 143 870 206">
    <p class='ocr_par' dir='ltr' id='par_1_1' title="bbox 221 143 870 206">
     <span class='ocr_line' id='line_1_1' title="bbox 221 143 870 206; baseline -0.011 0"><span class='ocrx_word' id='word_1_1' title='bbox 221 143 282 206; x_wconf 83' lang='grc'><strong>126</strong></span> <span class='ocrx_word' id='word_1_2' title='bbox 527 147 589 197; x_wconf 78' lang='lat' dir='ltr'><strong>Lao.</strong></span> <span class='ocrx_word' id='word_1_3' title='bbox 605 147 651 200; x_wconf 84' lang='lat' dir='ltr'><strong>rr.</strong></span> <span class='ocrx_word' id='word_1_4' title='bbox 675 162 700 200; x_wconf 82' lang='lat' dir='ltr'><strong>v.</strong></span> <span class='ocrx_word' id='word_1_5' title='bbox 719 149 870 200; x_wconf 78' lang='lat' dir='ltr'><strong>roe-rso.-</strong></span> 
     </span>
    </p>
   </div>
   <div class='ocr_carea' id='block_1_2' title="bbox 216 297 1216 1725">
    <p class='ocr_par' dir='ltr' id='par_1_2' title="bbox 216 297 1216 1725">
     <span class='ocr_line' id='line_1_2' title="bbox 219 297 963 382; baseline 0.003 -22"><span class='ocrx_word' id='word_1_6' title='bbox 219 300 276 360; x_wconf 88' lang='lat' dir='ltr'><strong>Sed</strong></span> <span class='ocrx_word' id='word_1_7' title='bbox 302 317 362 361; x_wconf 92' lang='lat' dir='ltr'><strong>nou</strong></span> <span class='ocrx_word' id='word_1_8' title='bbox 384 300 504 360; x_wconf 84' lang='lat' dir='ltr'>invideo</span> <span class='ocrx_word' id='word_1_9' title='bbox 527 317 613 361; x_wconf 90' lang='lat' dir='ltr'><strong>suras</strong></span> <span class='ocrx_word' id='word_1_10' title='bbox 635 298 678 360; x_wconf 92' lang='lat' dir='ltr'><strong>ibi</strong></span> <span class='ocrx_word' id='word_1_11' title='bbox 701 317 792 362; x_wconf 88' lang='lat' dir='ltr'><strong>carue</strong></span> <span class='ocrx_word' id='word_1_12' title='bbox 816 297 963 382; x_wconf 57' lang='lat' dir='ltr'><strong>decoras,</strong></span> 
     </span>
     <span class='ocr_line' id='line_1_3' title="bbox 263 382 959 464; baseline 0.003 -20"><span class='ocrx_word' id='word_1_13' title='bbox 263 385 311 444; x_wconf 92' lang='lat' dir='ltr'><strong>Sic</strong></span> <span class='ocrx_word' id='word_1_14' title='bbox 336 393 435 444; x_wconf 90' lang='lat' dir='ltr'><strong>tamen</strong></span> <span class='ocrx_word' id='word_1_15' title='bbox 459 385 583 462; x_wconf 90' lang='lat' dir='ltr'><strong>attingat</strong></span> <span class='ocrx_word' id='word_1_16' title='bbox 605 402 643 445; x_wconf 89' lang='lat' dir='ltr'><strong>ne</strong></span> <span class='ocrx_word' id='word_1_17' title='bbox 665 384 763 463; x_wconf 92' lang='lat' dir='ltr'><strong>pudor</strong></span> <span class='ocrx_word' id='word_1_18' title='bbox 786 382 834 444; x_wconf 93' lang='lat' dir='ltr'><strong>ille</strong></span> <span class='ocrx_word' id='word_1_19' title='bbox 858 385 959 464; x_wconf 86' lang='lat' dir='ltr'><strong>pedes.</strong></span> 
     </span>
     <span class='ocr_line' id='line_1_4' title="bbox 218 466 1214 544; baseline 0.004 -15"><span class='ocrx_word' id='word_1_20' title='bbox 218 469 320 529; x_wconf 88' lang='lat' dir='ltr'><strong>lnlima</strong></span> <span class='ocrx_word' id='word_1_21' title='bbox 344 469 527 530; x_wconf 91' lang='lat' dir='ltr'><strong>demonstrat</strong></span> <span class='ocrx_word' id='word_1_22' title='bbox 550 469 623 529; x_wconf 90' lang='lat' dir='ltr'><strong>tales</strong></span> <span class='ocrx_word' id='word_1_23' title='bbox 645 468 699 529; x_wconf 92' lang='lat' dir='ltr'><strong>tibi</strong></span> <span class='ocrx_word' id='word_1_24' title='bbox 722 469 792 528; x_wconf 89' lang='lat' dir='ltr'><strong>tibia</strong></span> <span class='ocrx_word' id='word_1_25' title='bbox 816 466 901 544; x_wconf 88' lang='lat' dir='ltr'><strong>talos,</strong></span> <span class='ocrx_word' id='word_1_26' title='bbox 979 489 987 494; x_wconf 85' lang='lat'>·</span> <span class='ocrx_word' id='word_1_27' title='bbox 1137 483 1214 533; x_wconf 68' lang='lat'><strong>725&#39;</strong></span> 
     </span>
     <span class='ocr_line' id='line_1_5' title="bbox 262 552 882 631; baseline -0.003 -17"><span class='ocrx_word' id='word_1_28' title='bbox 262 553 300 614; x_wconf 92' lang='lat' dir='ltr'><strong>Ut</strong></span> <span class='ocrx_word' id='word_1_29' title='bbox 323 552 398 614; x_wconf 91' lang='lat' dir='ltr'><strong>bene</strong></span> <span class='ocrx_word' id='word_1_30' title='bbox 422 555 578 631; x_wconf 89' lang='lat' dir='ltr'><strong>congeries</strong></span> <span class='ocrx_word' id='word_1_31' title='bbox 601 571 685 614; x_wconf 88' lang='lat' dir='ltr'><strong>ossea</strong></span> <span class='ocrx_word' id='word_1_32' title='bbox 709 553 800 614; x_wconf 92' lang='lat' dir='ltr'><strong>nodet</strong></span> <span class='ocrx_word' id='word_1_33' title='bbox 822 570 882 613; x_wconf 87' lang='lat' dir='ltr'><strong>eos.</strong></span> 
     </span>
     <span class='ocr_line' id='line_1_6' title="bbox 220 635 918 716; baseline -0.001 -19"><span class='ocrx_word' id='word_1_34' title='bbox 220 637 372 698; x_wconf 83' lang='lat' dir='ltr'><strong>Exornant</strong></span> <span class='ocrx_word' id='word_1_35' title='bbox 395 635 486 697; x_wconf 90' lang='lat' dir='ltr'><strong>nitida</strong></span> <span class='ocrx_word' id='word_1_36' title='bbox 509 635 600 698; x_wconf 85' lang='lat' dir='ltr'><strong>simili</strong></span> <span class='ocrx_word' id='word_1_37' title='bbox 623 637 798 716; x_wconf 81' lang='lat' dir='ltr'><strong>compagine</strong></span> <span class='ocrx_word' id='word_1_38' title='bbox 821 654 918 708; x_wconf 91' lang='lat' dir='ltr'><strong>crura,</strong></span> 
     </span>
     <span class='ocr_line' id='line_1_7' title="bbox 263 717 1094 802; baseline 0 -20"><span class='ocrx_word' id='word_1_39' title='bbox 263 723 299 782; x_wconf 83' lang='lat' dir='ltr'><strong>lit</strong></span> <span class='ocrx_word' id='word_1_40' title='bbox 321 723 407 800; x_wconf 87' lang='lat' dir='ltr'><strong>quasi</strong></span> <span class='ocrx_word' id='word_1_41' title='bbox 428 724 488 782; x_wconf 88' lang='lat' dir='ltr'><strong>sint</strong></span> <span class='ocrx_word' id='word_1_42' title='bbox 511 739 633 782; x_wconf 87' lang='lat' dir='ltr'><strong>crurum</strong></span> <span class='ocrx_word' id='word_1_43' title='bbox 656 723 888 802; x_wconf 88' lang='lat' dir='ltr'><strong>coniugiumque</strong></span> <span class='ocrx_word' id='word_1_44' title='bbox 911 721 1030 801; x_wconf 91' lang='lat' dir='ltr'><strong>pedum.</strong></span> <span class='ocrx_word' id='word_1_45' title='bbox 1091 717 1094 722; x_wconf 74' lang='grc'>’</span> 
     </span>
     <span class='ocr_line' id='line_1_8' title="bbox 219 805 1089 884; baseline 0.006 -19"><span class='ocrx_word' id='word_1_46' title='bbox 219 805 275 866; x_wconf 89' lang='lat' dir='ltr'><strong>Pes</strong></span> <span class='ocrx_word' id='word_1_47' title='bbox 297 805 395 868; x_wconf 86' lang='lat' dir='ltr'><strong>brevia</strong></span> <span class='ocrx_word' id='word_1_48' title='bbox 420 814 448 866; x_wconf 92' lang='lat' dir='ltr'><strong>et</strong></span> <span class='ocrx_word' id='word_1_49' title='bbox 470 806 581 874; x_wconf 86' lang='lat' dir='ltr'><strong>niveus,</strong></span> <span class='ocrx_word' id='word_1_50' title='bbox 606 808 805 884; x_wconf 73' lang='lat' dir='ltr'><strong>carosiana,</strong></span> <span class='ocrx_word' id='word_1_51' title='bbox 830 806 883 867; x_wconf 91' lang='lat' dir='ltr'><strong>sed</strong></span> <span class='ocrx_word' id='word_1_52' title='bbox 904 813 984 868; x_wconf 90' lang='lat' dir='ltr'><strong>teres</strong></span> <span class='ocrx_word' id='word_1_53' title='bbox 1007 817 1089 870; x_wconf 85' lang='lat' dir='ltr'><strong>extra</strong></span> 
     </span>
     <span class='ocr_line' id='line_1_9' title="bbox 261 889 1186 968; baseline 0.001 -17"><span class='ocrx_word' id='word_1_54' title='bbox 261 891 374 968; x_wconf 80' lang='lat' dir='ltr'><strong>Exiguo</strong></span> <span class='ocrx_word' id='word_1_55' title='bbox 398 891 479 951; x_wconf 85' lang='lat' dir='ltr'><strong>ealce</strong></span> <span class='ocrx_word' id='word_1_56' title='bbox 503 889 597 951; x_wconf 85' lang='lat' dir='ltr'><strong>calcat</strong></span> <span class='ocrx_word' id='word_1_57' title='bbox 620 899 649 951; x_wconf 89' lang='lat' dir='ltr'><strong>et</strong></span> <span class='ocrx_word' id='word_1_58' title='bbox 672 908 737 951; x_wconf 88' lang='lat' dir='ltr'><strong>osse</strong></span> <span class='ocrx_word' id='word_1_59' title='bbox 761 890 866 951; x_wconf 71' lang='lat' dir='ltr'><strong>solum,</strong></span> <span class='ocrx_word' id='word_1_60' title='bbox 1136 901 1186 952; x_wconf 79' lang='lat'><strong>730</strong></span> 
     </span>
     <span class='ocr_line' id='line_1_10' title="bbox 221 972 1112 1055; baseline 0.004 -21"><span class='ocrx_word' id='word_1_61' title='bbox 221 975 254 1034; x_wconf 95' lang='lat' dir='ltr'><strong>ln</strong></span> <span class='ocrx_word' id='word_1_62' title='bbox 278 973 404 1054; x_wconf 91' lang='lat' dir='ltr'><strong>pedibus</strong></span> <span class='ocrx_word' id='word_1_63' title='bbox 427 972 550 1051; x_wconf 81' lang='lat' dir='ltr'><strong>pedicae</strong></span> <span class='ocrx_word' id='word_1_64' title='bbox 572 991 669 1051; x_wconf 87' lang='lat' dir='ltr'><strong>neque</strong></span> <span class='ocrx_word' id='word_1_65' title='bbox 692 983 792 1035; x_wconf 85' lang='lat' dir='ltr'><strong>rectae</strong></span> <span class='ocrx_word' id='word_1_66' title='bbox 816 976 874 1036; x_wconf 92' lang='lat' dir='ltr'><strong>sint</strong></span> <span class='ocrx_word' id='word_1_67' title='bbox 896 984 994 1055; x_wconf 90' lang='lat' dir='ltr'><strong>neque</strong></span> <span class='ocrx_word' id='word_1_68' title='bbox 1017 983 1112 1038; x_wconf 92' lang='lat' dir='ltr'><strong>tortae</strong></span> 
     </span>
     <span class='ocr_line' id='line_1_11' title="bbox 261 1058 980 1138; baseline 0.001 -19"><span class='ocrx_word' id='word_1_69' title='bbox 261 1058 325 1119; x_wconf 89' lang='lat' dir='ltr'><strong>Non</strong></span> <span class='ocrx_word' id='word_1_70' title='bbox 349 1058 406 1118; x_wconf 91' lang='lat' dir='ltr'><strong>hoc</strong></span> <span class='ocrx_word' id='word_1_71' title='bbox 428 1075 489 1118; x_wconf 92' lang='lat' dir='ltr'><strong>non</strong></span> <span class='ocrx_word' id='word_1_72' title='bbox 512 1059 590 1118; x_wconf 88' lang='lat' dir='ltr'><strong>istud</strong></span> <span class='ocrx_word' id='word_1_73' title='bbox 613 1061 691 1119; x_wconf 89' lang='lat' dir='ltr'><strong>inter</strong></span> <span class='ocrx_word' id='word_1_74' title='bbox 713 1069 874 1138; x_wconf 89' lang='lat' dir='ltr'><strong>utrumque</strong></span> <span class='ocrx_word' id='word_1_75' title='bbox 897 1062 980 1120; x_wconf 90' lang='lat' dir='ltr'><strong>sitae.</strong></span> 
     </span>
     <span class='ocr_line' id='line_1_12' title="bbox 218 1142 912 1222; baseline 0.001 -20"><span class='ocrx_word' id='word_1_76' title='bbox 218 1142 320 1203; x_wconf 83' lang='lat' dir='ltr'><strong>Pollex</strong></span> <span class='ocrx_word' id='word_1_77' title='bbox 343 1143 456 1202; x_wconf 88' lang='lat' dir='ltr'><strong>directe</strong></span> <span class='ocrx_word' id='word_1_78' title='bbox 478 1142 675 1220; x_wconf 90' lang='lat' dir='ltr'><strong>protenditur,</strong></span> <span class='ocrx_word' id='word_1_79' title='bbox 698 1145 791 1205; x_wconf 90' lang='lat' dir='ltr'><strong>altera</strong></span> <span class='ocrx_word' id='word_1_80' title='bbox 813 1145 912 1222; x_wconf 92' lang='lat' dir='ltr'><strong>primo</strong></span> 
     </span>
     <span class='ocr_line' id='line_1_13' title="bbox 265 1225 927 1304; baseline 0.002 -17"><span class='ocrx_word' id='word_1_81' title='bbox 265 1225 359 1287; x_wconf 80' lang='lat' dir='ltr'><strong>Altior</strong></span> <span class='ocrx_word' id='word_1_82' title='bbox 382 1234 414 1287; x_wconf 94' lang='lat' dir='ltr'><strong>ut</strong></span> <span class='ocrx_word' id='word_1_83' title='bbox 436 1226 568 1287; x_wconf 89' lang='lat' dir='ltr'><strong>seriesa</strong></span> <span class='ocrx_word' id='word_1_84' title='bbox 590 1226 667 1304; x_wconf 88' lang='lat' dir='ltr'><strong>pede</strong></span> <span class='ocrx_word' id='word_1_85' title='bbox 690 1229 797 1288; x_wconf 88' lang='lat' dir='ltr'><strong>deinde</strong></span> <span class='ocrx_word' id='word_1_86' title='bbox 820 1229 927 1288; x_wconf 90' lang='lat' dir='ltr'><strong>minor.</strong></span> 
     </span>
     <span class='ocr_line' id='line_1_14' title="bbox 218 1310 1216 1392; baseline 0.003 -22"><span class='ocrx_word' id='word_1_87' title='bbox 218 1310 280 1371; x_wconf 90' lang='lat' dir='ltr'><strong>Nec</strong></span> <span class='ocrx_word' id='word_1_88' title='bbox 296 1311 429 1389; x_wconf 90' lang='lat' dir='ltr'><strong>pedicam</strong></span> <span class='ocrx_word' id='word_1_89' title='bbox 445 1311 549 1389; x_wconf 87' lang='lat' dir='ltr'><strong>pedica</strong></span> <span class='ocrx_word' id='word_1_90' title='bbox 565 1313 649 1388; x_wconf 88' lang='lat' dir='ltr'><strong>quasi</strong></span> <span class='ocrx_word' id='word_1_91' title='bbox 671 1321 786 1390; x_wconf 88' lang='lat' dir='ltr'><strong>spectat</strong></span> <span class='ocrx_word' id='word_1_92' title='bbox 799 1312 933 1392; x_wconf 82' lang='lat' dir='ltr'><strong>plantare</strong></span> <span class='ocrx_word' id='word_1_93' title='bbox 948 1310 1089 1391; x_wconf 84' lang='lat' dir='ltr'><strong>plantam,</strong></span> <span class='ocrx_word' id='word_1_94' title='bbox 1135 1323 1184 1373; x_wconf 81' lang='lat'><strong>735</strong></span> <span class='ocrx_word' id='word_1_95' title='bbox 1214 1347 1216 1352; x_wconf 61' lang='lat'>=</span> 
     </span>
     <span class='ocr_line' id='line_1_15' title="bbox 262 1395 932 1475; baseline 0.001 -20"><span class='ocrx_word' id='word_1_96' title='bbox 262 1396 319 1455; x_wconf 90' lang='lat' dir='ltr'><strong>Sed</strong></span> <span class='ocrx_word' id='word_1_97' title='bbox 343 1413 397 1475; x_wconf 88' lang='lat' dir='ltr'><strong>pes</strong></span> <span class='ocrx_word' id='word_1_98' title='bbox 420 1395 533 1456; x_wconf 88' lang='lat' dir='ltr'><strong>directe</strong></span> <span class='ocrx_word' id='word_1_99' title='bbox 555 1414 624 1456; x_wconf 92' lang='lat' dir='ltr'><strong>cum</strong></span> <span class='ocrx_word' id='word_1_100' title='bbox 646 1397 722 1472; x_wconf 90' lang='lat' dir='ltr'><strong>pede</strong></span> <span class='ocrx_word' id='word_1_101' title='bbox 744 1404 841 1458; x_wconf 82' lang='lat' dir='ltr'><strong>servat</strong></span> <span class='ocrx_word' id='word_1_102' title='bbox 862 1399 932 1456; x_wconf 89' lang='lat' dir='ltr'><strong>iter.</strong></span> 
     </span>
     <span class='ocr_line' id='line_1_16' title="bbox 218 1478 949 1559; baseline 0.003 -21"><span class='ocrx_word' id='word_1_103' title='bbox 218 1478 274 1540; x_wconf 89' lang='lat' dir='ltr'><strong>Pes</strong></span> <span class='ocrx_word' id='word_1_104' title='bbox 299 1478 395 1539; x_wconf 87' lang='lat' dir='ltr'><strong>brevis</strong></span> <span class='ocrx_word' id='word_1_105' title='bbox 416 1481 447 1538; x_wconf 92' lang='lat' dir='ltr'><strong>iu</strong></span> <span class='ocrx_word' id='word_1_106' title='bbox 470 1481 554 1540; x_wconf 88' lang='lat' dir='ltr'><strong>nivea</strong></span> <span class='ocrx_word' id='word_1_107' title='bbox 576 1479 701 1558; x_wconf 88' lang='lat' dir='ltr'><strong>pulchre</strong></span> <span class='ocrx_word' id='word_1_108' title='bbox 725 1482 838 1543; x_wconf 89' lang='lat' dir='ltr'><strong>celatur</strong></span> <span class='ocrx_word' id='word_1_109' title='bbox 861 1481 949 1559; x_wconf 90' lang='lat' dir='ltr'><strong>aluta,</strong></span> 
     </span>
     <span class='ocr_line' id='line_1_17' title="bbox 259 1562 925 1643; baseline -0.002 -19"><span class='ocrx_word' id='word_1_110' title='bbox 259 1564 321 1624; x_wconf 90' lang='lat' dir='ltr'><strong>Nec</strong></span> <span class='ocrx_word' id='word_1_111' title='bbox 343 1580 434 1640; x_wconf 88' lang='lat' dir='ltr'><strong>vagus</strong></span> <span class='ocrx_word' id='word_1_112' title='bbox 456 1565 485 1623; x_wconf 91' lang='lat' dir='ltr'><strong>in</strong></span> <span class='ocrx_word' id='word_1_113' title='bbox 509 1562 575 1624; x_wconf 79' lang='lat' dir='ltr'><strong>lara</strong></span> <span class='ocrx_word' id='word_1_114' title='bbox 597 1582 650 1643; x_wconf 91' lang='lat' dir='ltr'><strong>pes</strong></span> <span class='ocrx_word' id='word_1_115' title='bbox 672 1563 712 1625; x_wconf 93' lang='lat' dir='ltr'><strong>ibi</strong></span> <span class='ocrx_word' id='word_1_116' title='bbox 734 1565 811 1642; x_wconf 87' lang='lat' dir='ltr'><strong>pelle</strong></span> <span class='ocrx_word' id='word_1_117' title='bbox 835 1574 925 1627; x_wconf 92' lang='lat' dir='ltr'><strong>natat.</strong></span> 
     </span>
     <span class='ocr_line' id='line_1_18' title="bbox 216 1647 904 1725; baseline -0.003 -15"><span class='ocrx_word' id='word_1_118' title='bbox 216 1647 349 1724; x_wconf 80' lang='lat' dir='ltr'><strong>Reginae</strong></span> <span class='ocrx_word' id='word_1_119' title='bbox 372 1664 480 1724; x_wconf 89' lang='lat' dir='ltr'><strong>corpus</strong></span> <span class='ocrx_word' id='word_1_120' title='bbox 503 1649 527 1707; x_wconf 92' lang='lat' dir='ltr'><strong>si</strong></span> <span class='ocrx_word' id='word_1_121' title='bbox 549 1648 618 1708; x_wconf 90' lang='lat' dir='ltr'><strong>talis</strong></span> <span class='ocrx_word' id='word_1_122' title='bbox 640 1653 738 1725; x_wconf 82' lang='lat' dir='ltr'><strong>imago</strong></span> <span class='ocrx_word' id='word_1_123' title='bbox 761 1656 904 1718; x_wconf 88' lang='lat' dir='ltr'><strong>venustat,</strong></span> 
     </span>
    </p>
   </div>
   <div class='ocr_carea' id='block_1_3' title="bbox 261 1731 1281 1810">
    <p class='ocr_par' dir='ltr' id='par_1_3' title="bbox 261 1731 1281 1810">
     <span class='ocr_line' id='line_1_19' title="bbox 261 1731 1281 1810; baseline 0.003 -18"><span class='ocrx_word' id='word_1_124' title='bbox 261 1731 371 1792; x_wconf 88' lang='lat' dir='ltr'><strong>Nescio</strong></span> <span class='ocrx_word' id='word_1_125' title='bbox 394 1733 459 1810; x_wconf 90' lang='lat' dir='ltr'><strong>quis</strong></span> <span class='ocrx_word' id='word_1_126' title='bbox 482 1735 585 1807; x_wconf 84' lang='lat' dir='ltr'><strong>specie</strong></span> <span class='ocrx_word' id='word_1_127' title='bbox 608 1732 756 1793; x_wconf 84' lang='lat' dir='ltr'><strong>nobiliore</strong></span> <span class='ocrx_word' id='word_1_128' title='bbox 779 1734 867 1794; x_wconf 87' lang='lat' dir='ltr'><strong>cluat.</strong></span> <span class='ocrx_word' id='word_1_129' title='bbox 1133 1745 1186 1796; x_wconf 79' lang='lat'><strong>740</strong></span> <span class='ocrx_word' id='word_1_130' title='bbox 1280 1765 1281 1784; x_wconf 39' lang='grc' dir='ltr'><strong>κ</strong></span> 
     </span>
    </p>
   </div>
   <div class='ocr_carea' id='block_1_4' title="bbox 215 1814 1184 3077">
    <p class='ocr_par' dir='ltr' id='par_1_4' title="bbox 215 1814 1184 3077">
     <span class='ocr_line' id='line_1_20' title="bbox 220 1814 1000 1895; baseline -0.001 -17"><span class='ocrx_word' id='word_1_131' title='bbox 220 1814 305 1878; x_wconf 83' lang='lat' dir='ltr'><strong>Cultu</strong></span> <span class='ocrx_word' id='word_1_132' title='bbox 329 1816 424 1877; x_wconf 82' lang='lat' dir='ltr'><strong>forma</strong></span> <span class='ocrx_word' id='word_1_133' title='bbox 447 1817 531 1886; x_wconf 93' lang='lat' dir='ltr'><strong>nitet,</strong></span> <span class='ocrx_word' id='word_1_134' title='bbox 555 1816 610 1878; x_wconf 91' lang='lat' dir='ltr'><strong>bac</strong></span> <span class='ocrx_word' id='word_1_135' title='bbox 632 1819 742 1878; x_wconf 87' lang='lat' dir='ltr'><strong>lamina</strong></span> <span class='ocrx_word' id='word_1_136' title='bbox 765 1817 833 1878; x_wconf 92' lang='lat' dir='ltr'><strong>dote</strong></span> <span class='ocrx_word' id='word_1_137' title='bbox 856 1815 1000 1895; x_wconf 79' lang='lat' dir='ltr'><strong>superbit,</strong></span> 
     </span>
     <span class='ocr_line' id='line_1_21' title="bbox 262 1899 942 1980; baseline 0 -21"><span class='ocrx_word' id='word_1_138' title='bbox 262 1900 334 1970; x_wconf 86' lang='lat' dir='ltr'><strong>Quis</strong></span> <span class='ocrx_word' id='word_1_139' title='bbox 357 1899 482 1970; x_wconf 88' lang='lat' dir='ltr'><strong>dubitat,</strong></span> <span class='ocrx_word' id='word_1_140' title='bbox 506 1900 603 1961; x_wconf 86' lang='lat' dir='ltr'><strong>cultus</strong></span> <span class='ocrx_word' id='word_1_141' title='bbox 626 1903 676 1979; x_wconf 90' lang='lat' dir='ltr'><strong>qui</strong></span> <span class='ocrx_word' id='word_1_142' title='bbox 698 1903 736 1963; x_wconf 88' lang='lat' dir='ltr'><strong>sit</strong></span> <span class='ocrx_word' id='word_1_143' title='bbox 759 1903 874 1980; x_wconf 89' lang='lat' dir='ltr'><strong>opimus</strong></span> <span class='ocrx_word' id='word_1_144' title='bbox 895 1901 942 1960; x_wconf 83' lang='lat' dir='ltr'><strong>eii</strong></span> 
     </span>
     <span class='ocr_line' id='line_1_22' title="bbox 218 1983 1010 2065; baseline 0.001 -19"><span class='ocrx_word' id='word_1_145' title='bbox 218 1983 375 2046; x_wconf 84' lang='lat' dir='ltr'><strong>Gandeseit</strong></span> <span class='ocrx_word' id='word_1_146' title='bbox 397 1983 484 2063; x_wconf 83' lang='lat' dir='ltr'><strong>bysso</strong></span> <span class='ocrx_word' id='word_1_147' title='bbox 508 1994 575 2062; x_wconf 87' lang='lat' dir='ltr'><strong>toga</strong></span> <span class='ocrx_word' id='word_1_148' title='bbox 599 1988 683 2046; x_wconf 91' lang='lat' dir='ltr'><strong>carni</strong></span> <span class='ocrx_word' id='word_1_149' title='bbox 704 1989 848 2065; x_wconf 80' lang='lat' dir='ltr'><strong>proxima,</strong></span> <span class='ocrx_word' id='word_1_150' title='bbox 872 1984 1010 2047; x_wconf 86' lang='lat' dir='ltr'><strong>blandam</strong></span> 
     </span>
     <span class='ocr_line' id='line_1_23' title="bbox 261 2067 931 2148; baseline 0 -20"><span class='ocrx_word' id='word_1_151' title='bbox 261 2067 304 2128; x_wconf 87' lang='lat' dir='ltr'><strong>Ne</strong></span> <span class='ocrx_word' id='word_1_152' title='bbox 327 2069 429 2128; x_wconf 83' lang='lat' dir='ltr'><strong>forsan</strong></span> <span class='ocrx_word' id='word_1_153' title='bbox 452 2067 570 2129; x_wconf 90' lang='lat' dir='ltr'><strong>laedant</strong></span> <span class='ocrx_word' id='word_1_154' title='bbox 591 2069 639 2130; x_wconf 85' lang='lat' dir='ltr'><strong>iila</strong></span> <span class='ocrx_word' id='word_1_155' title='bbox 662 2079 799 2148; x_wconf 90' lang='lat' dir='ltr'><strong>proterva</strong></span> <span class='ocrx_word' id='word_1_156' title='bbox 823 2079 931 2131; x_wconf 88' lang='lat' dir='ltr'><strong>cutem.</strong></span> 
     </span>
     <span class='ocr_line' id='line_1_24' title="bbox 217 2152 1183 2232; baseline 0.004 -20"><span class='ocrx_word' id='word_1_157' title='bbox 217 2152 393 2228; x_wconf 84' lang='lat' dir='ltr'><strong>Stringitur,</strong></span> <span class='ocrx_word' id='word_1_158' title='bbox 416 2159 450 2213; x_wconf 91' lang='lat' dir='ltr'><strong>ut</strong></span> <span class='ocrx_word' id='word_1_159' title='bbox 471 2171 617 2214; x_wconf 91' lang='lat' dir='ltr'><strong>mammae</strong></span> <span class='ocrx_word' id='word_1_160' title='bbox 639 2157 822 2232; x_wconf 89' lang='lat' dir='ltr'><strong>constringat</strong></span> <span class='ocrx_word' id='word_1_161' title='bbox 845 2154 936 2215; x_wconf 82' lang='lat' dir='ltr'><strong>fascia</strong></span> <span class='ocrx_word' id='word_1_162' title='bbox 958 2153 1067 2216; x_wconf 86' lang='lat' dir='ltr'><strong>luscam</strong></span> <span class='ocrx_word' id='word_1_163' title='bbox 1132 2166 1183 2216; x_wconf 78' lang='lat'><strong>745</strong></span> 
     </span>
     <span class='ocr_line' id='line_1_25' title="bbox 259 2235 903 2316; baseline 0.005 -20"><span class='ocrx_word' id='word_1_164' title='bbox 259 2235 402 2296; x_wconf 82' lang='lat' dir='ltr'><strong>Accendit</strong></span> <span class='ocrx_word' id='word_1_165' title='bbox 423 2237 546 2298; x_wconf 90' lang='lat' dir='ltr'><strong>Veneris</strong></span> <span class='ocrx_word' id='word_1_166' title='bbox 569 2255 693 2316; x_wconf 89' lang='lat' dir='ltr'><strong>surgere</strong></span> <span class='ocrx_word' id='word_1_167' title='bbox 715 2241 775 2298; x_wconf 89' lang='lat' dir='ltr'><strong>visa</strong></span> <span class='ocrx_word' id='word_1_168' title='bbox 798 2239 903 2299; x_wconf 85' lang='lat' dir='ltr'><strong>lacem.</strong></span> 
     </span>
     <span class='ocr_line' id='line_1_26' title="bbox 216 2320 1114 2401; baseline 0.002 -20"><span class='ocrx_word' id='word_1_169' title='bbox 216 2320 348 2382; x_wconf 82' lang='lat' dir='ltr'><strong>Turbida</strong></span> <span class='ocrx_word' id='word_1_170' title='bbox 373 2339 456 2382; x_wconf 88' lang='lat' dir='ltr'><strong>meus</strong></span> <span class='ocrx_word' id='word_1_171' title='bbox 479 2323 602 2398; x_wconf 90' lang='lat' dir='ltr'><strong>geritur,</strong></span> <span class='ocrx_word' id='word_1_172' title='bbox 627 2320 677 2382; x_wconf 95' lang='lat' dir='ltr'><strong>ubi</strong></span> <span class='ocrx_word' id='word_1_173' title='bbox 700 2322 817 2401; x_wconf 86' lang='lat' dir='ltr'><strong>turgida</strong></span> <span class='ocrx_word' id='word_1_174' title='bbox 841 2339 968 2383; x_wconf 89' lang='lat' dir='ltr'><strong>mamma</strong></span> <span class='ocrx_word' id='word_1_175' title='bbox 990 2321 1114 2394; x_wconf 86' lang='lat' dir='ltr'><strong>videtur,</strong></span> 
     </span>
     <span class='ocr_line' id='line_1_27' title="bbox 259 2406 876 2484; baseline 0.002 -19"><span class='ocrx_word' id='word_1_176' title='bbox 259 2406 317 2466; x_wconf 86' lang='lat' dir='ltr'><strong>Res</strong></span> <span class='ocrx_word' id='word_1_177' title='bbox 340 2424 373 2465; x_wconf 89' lang='lat' dir='ltr'><strong>ea</strong></span> <span class='ocrx_word' id='word_1_178' title='bbox 396 2406 428 2465; x_wconf 86' lang='lat' dir='ltr'><strong>sn</strong></span> <span class='ocrx_word' id='word_1_179' title='bbox 451 2406 532 2466; x_wconf 88' lang='lat' dir='ltr'><strong>cordi</strong></span> <span class='ocrx_word' id='word_1_180' title='bbox 556 2407 664 2467; x_wconf 85' lang='lat' dir='ltr'><strong>nuncia</strong></span> <span class='ocrx_word' id='word_1_181' title='bbox 686 2424 774 2484; x_wconf 90' lang='lat' dir='ltr'><strong>saepe</strong></span> <span class='ocrx_word' id='word_1_182' title='bbox 797 2407 876 2468; x_wconf 86' lang='lat' dir='ltr'><strong>mali.</strong></span> 
     </span>
     <span class='ocr_line' id='line_1_28' title="bbox 217 2489 1007 2570; baseline 0.001 -20"><span class='ocrx_word' id='word_1_183' title='bbox 217 2490 354 2570; x_wconf 90' lang='lat' dir='ltr'><strong>Purpura</strong></span> <span class='ocrx_word' id='word_1_184' title='bbox 378 2489 427 2549; x_wconf 90' lang='lat' dir='ltr'><strong>dat</strong></span> <span class='ocrx_word' id='word_1_185' title='bbox 448 2493 569 2552; x_wconf 90' lang='lat' dir='ltr'><strong>tunicae</strong></span> <span class='ocrx_word' id='word_1_186' title='bbox 592 2509 651 2569; x_wconf 89' lang='lat' dir='ltr'><strong>quo</strong></span> <span class='ocrx_word' id='word_1_187' title='bbox 674 2494 887 2552; x_wconf 87' lang='lat' dir='ltr'><strong>convenienter</strong></span> <span class='ocrx_word' id='word_1_188' title='bbox 910 2490 1007 2552; x_wconf 91' lang='lat' dir='ltr'><strong>euntis</strong></span> 
     </span>
     <span class='ocr_line' id='line_1_29' title="bbox 260 2573 1184 2655; baseline 0.004 -23"><span class='ocrx_word' id='word_1_189' title='bbox 260 2574 359 2651; x_wconf 92' lang='lat' dir='ltr'><strong>Longo</strong></span> <span class='ocrx_word' id='word_1_190' title='bbox 383 2592 437 2654; x_wconf 91' lang='lat' dir='ltr'><strong>per</strong></span> <span class='ocrx_word' id='word_1_191' title='bbox 460 2574 573 2651; x_wconf 84' lang='lat' dir='ltr'><strong>plateas</strong></span> <span class='ocrx_word' id='word_1_192' title='bbox 595 2589 724 2655; x_wconf 78' lang='lat' dir='ltr'><strong>syrmate</strong></span> <span class='ocrx_word' id='word_1_193' title='bbox 746 2573 851 2638; x_wconf 87' lang='lat' dir='ltr'><strong>lambit</strong></span> <span class='ocrx_word' id='word_1_194' title='bbox 872 2575 1004 2636; x_wconf 90' lang='lat' dir='ltr'><strong>humum.</strong></span> <span class='ocrx_word' id='word_1_195' title='bbox 1130 2585 1184 2636; x_wconf 76' lang='lat'><strong>⁷50</strong></span> 
     </span>
     <span class='ocr_line' id='line_1_30' title="bbox 218 2657 941 2736; baseline 0.001 -17"><span class='ocrx_word' id='word_1_196' title='bbox 218 2657 354 2736; x_wconf 87' lang='lat' dir='ltr'><strong>Disputat</strong></span> <span class='ocrx_word' id='word_1_197' title='bbox 376 2658 423 2717; x_wconf 91' lang='lat' dir='ltr'><strong>bic</strong></span> <span class='ocrx_word' id='word_1_198' title='bbox 446 2657 601 2719; x_wconf 87' lang='lat' dir='ltr'><strong>lanaeum</strong></span> <span class='ocrx_word' id='word_1_199' title='bbox 624 2659 689 2720; x_wconf 92' lang='lat' dir='ltr'><strong>laua</strong></span> <span class='ocrx_word' id='word_1_200' title='bbox 713 2662 827 2720; x_wconf 90' lang='lat' dir='ltr'><strong>murice</strong></span> <span class='ocrx_word' id='word_1_201' title='bbox 851 2661 941 2721; x_wconf 90' lang='lat' dir='ltr'><strong>tincta</strong></span> 
     </span>
     <span class='ocr_line' id='line_1_31' title="bbox 260 2741 879 2805; baseline 0 -1"><span class='ocrx_word' id='word_1_202' title='bbox 260 2742 364 2804; x_wconf 91' lang='lat' dir='ltr'><strong>Utrum</strong></span> <span class='ocrx_word' id='word_1_203' title='bbox 388 2744 426 2802; x_wconf 91' lang='lat' dir='ltr'><strong>sit</strong></span> <span class='ocrx_word' id='word_1_204' title='bbox 449 2743 554 2802; x_wconf 89' lang='lat' dir='ltr'><strong>molior</strong></span> <span class='ocrx_word' id='word_1_205' title='bbox 575 2741 625 2803; x_wconf 89' lang='lat' dir='ltr'><strong>ille</strong></span> <span class='ocrx_word' id='word_1_206' title='bbox 646 2744 691 2803; x_wconf 86' lang='lat' dir='ltr'><strong>vel</strong></span> <span class='ocrx_word' id='word_1_207' title='bbox 715 2743 764 2804; x_wconf 95' lang='lat' dir='ltr'><strong>ille</strong></span> <span class='ocrx_word' id='word_1_208' title='bbox 788 2744 879 2805; x_wconf 89' lang='lat' dir='ltr'><strong>color.</strong></span> 
     </span>
     <span class='ocr_line' id='line_1_32' title="bbox 217 2825 953 2904; baseline 0.004 -17"><span class='ocrx_word' id='word_1_209' title='bbox 217 2826 279 2888; x_wconf 89' lang='lat' dir='ltr'><strong>Nec</strong></span> <span class='ocrx_word' id='word_1_210' title='bbox 302 2836 415 2888; x_wconf 89' lang='lat' dir='ltr'><strong>tantum</strong></span> <span class='ocrx_word' id='word_1_211' title='bbox 439 2828 549 2887; x_wconf 88' lang='lat' dir='ltr'><strong>renitet</strong></span> <span class='ocrx_word' id='word_1_212' title='bbox 570 2825 694 2904; x_wconf 87' lang='lat' dir='ltr'><strong>lulgouti</strong></span> <span class='ocrx_word' id='word_1_213' title='bbox 717 2829 831 2889; x_wconf 89' lang='lat' dir='ltr'><strong>murice</strong></span> <span class='ocrx_word' id='word_1_214' title='bbox 853 2830 953 2898; x_wconf 89' lang='lat' dir='ltr'><strong>vestis,</strong></span> 
     </span>
     <span class='ocr_line' id='line_1_33' title="bbox 259 2909 909 2991; baseline 0.006 -21"><span class='ocrx_word' id='word_1_215' title='bbox 259 2913 340 2970; x_wconf 79' lang='lat' dir='ltr'><strong>Auro</strong></span> <span class='ocrx_word' id='word_1_216' title='bbox 363 2911 498 2971; x_wconf 79' lang='lat' dir='ltr'><strong>formatis</strong></span> <span class='ocrx_word' id='word_1_217' title='bbox 521 2909 615 2989; x_wconf 82' lang='lat' dir='ltr'><strong>fulget</strong></span> <span class='ocrx_word' id='word_1_218' title='bbox 637 2915 751 2991; x_wconf 87' lang='lat' dir='ltr'><strong>etipsa</strong></span> <span class='ocrx_word' id='word_1_219' title='bbox 774 2915 862 2974; x_wconf 89' lang='lat' dir='ltr'><strong>rosis.</strong></span> <span class='ocrx_word' id='word_1_220' title='bbox 908 2943 909 2947; x_wconf 38' lang='lat'>¹</span> 
     </span>
     <span class='ocr_line' id='line_1_34' title="bbox 215 2990 1181 3077; baseline 0.003 -22"><span class='ocrx_word' id='word_1_221' title='bbox 215 2994 372 3064; x_wconf 80' lang='lat' dir='ltr'><strong>Armellus,</strong></span> <span class='ocrx_word' id='word_1_222' title='bbox 396 3002 503 3064; x_wconf 88' lang='lat' dir='ltr'><strong>castor,</strong></span> <span class='ocrx_word' id='word_1_223' title='bbox 527 3006 650 3066; x_wconf 88' lang='lat' dir='ltr'><strong>martur,</strong></span> <span class='ocrx_word' id='word_1_224' title='bbox 674 2997 764 3058; x_wconf 85' lang='lat' dir='ltr'><strong>bever</strong></span> <span class='ocrx_word' id='word_1_225' title='bbox 787 3006 876 3077; x_wconf 87' lang='lat' dir='ltr'><strong>atque</strong></span> <span class='ocrx_word' id='word_1_226' title='bbox 900 2990 1022 3059; x_wconf 84' lang='lat' dir='ltr'><strong>s&#39;aherus</strong></span> <span class='ocrx_word' id='word_1_227' title='bbox 1130 3009 1181 3058; x_wconf 78' lang='lat'><strong>755</strong></span> 
     </span>
    </p>
   </div>
   <div class='ocr_carea' id='block_1_5' title="bbox 214 3161 1182 3484">
    <p class='ocr_par' dir='ltr' id='par_1_5' title="bbox 214 3161 1182 3484">
     <span class='ocr_line' id='line_1_35' title="bbox 283 3161 716 3228; baseline 0.005 -16"><span class='ocrx_word' id='word_1_228' title='bbox 283 3163 340 3217; x_wconf 76' lang='lat' dir='ltr'><strong>tat,</strong></span> <span class='ocrx_word' id='word_1_229' title='bbox 354 3161 437 3216; x_wconf 79' lang='lat' dir='ltr'><strong>ovio.</strong></span> <span class='ocrx_word' id='word_1_230' title='bbox 456 3163 488 3212; x_wconf 83' lang='lat' dir='ltr'><strong>A.</strong></span> <span class='ocrx_word' id='word_1_231' title='bbox 507 3164 565 3213; x_wconf 88' lang='lat' dir='ltr'><strong>Am.</strong></span> <span class='ocrx_word' id='word_1_232' title='bbox 583 3165 635 3228; x_wconf 86' lang='grc' dir='ltr'>ΙΙΙ,</span> <span class='ocrx_word' id='word_1_233' title='bbox 653 3167 716 3215; x_wconf 75' lang='lat'>271:</span> 
     </span>
     <span class='ocr_line' id='line_1_36' title="bbox 315 3229 980 3298; baseline 0.008 -19"><span class='ocrx_word' id='word_1_234' title='bbox 315 3229 366 3280; x_wconf 85' lang='lat' dir='ltr'><strong>Pes</strong></span> <span class='ocrx_word' id='word_1_235' title='bbox 384 3231 474 3281; x_wconf 82' lang='lat' dir='ltr'><strong>malua</strong></span> <span class='ocrx_word' id='word_1_236' title='bbox 492 3231 521 3281; x_wconf 90' lang='lat' dir='ltr'><strong>in</strong></span> <span class='ocrx_word' id='word_1_237' title='bbox 540 3232 624 3282; x_wconf 83' lang='lat' dir='ltr'><strong>niveo</strong></span> <span class='ocrx_word' id='word_1_238' title='bbox 641 3246 750 3298; x_wconf 85' lang='lat' dir='ltr'><strong>semper</strong></span> <span class='ocrx_word' id='word_1_239' title='bbox 768 3234 874 3283; x_wconf 88' lang='lat' dir='ltr'><strong>celetur</strong></span> <span class='ocrx_word' id='word_1_240' title='bbox 892 3233 980 3285; x_wconf 81' lang='lat' dir='ltr'><strong>eluta.</strong></span> 
     </span>
     <span class='ocr_line' id='line_1_37' title="bbox 215 3295 1181 3376; baseline 0.006 -29"><span class='ocrx_word' id='word_1_241' title='bbox 215 3297 272 3348; x_wconf 80' lang='lat'>738.</span> <span class='ocrx_word' id='word_1_242' title='bbox 294 3295 376 3376; x_wconf 65' lang='lat' dir='ltr'><strong>‚Ovid&#39;</strong></span> <span class='ocrx_word' id='word_1_243' title='bbox 396 3298 426 3352; x_wconf 81' lang='grc' dir='ltr'><strong>Α,</strong></span> <span class='ocrx_word' id='word_1_244' title='bbox 443 3296 504 3353; x_wconf 86' lang='lat' dir='ltr'><strong>Am.</strong></span> <span class='ocrx_word' id='word_1_245' title='bbox 523 3299 569 3362; x_wconf 82' lang='grc' dir='ltr'><strong>Ν,</strong></span> <span class='ocrx_word' id='word_1_246' title='bbox 588 3300 645 3352; x_wconf 82' lang='grc'><strong>516.</strong></span> <span class='ocrx_word' id='word_1_247' title='bbox 716 3301 774 3350; x_wconf 84' lang='grc'>748.</span> <span class='ocrx_word' id='word_1_248' title='bbox 798 3299 864 3355; x_wconf 84' lang='lat' dir='ltr'><strong>Ood.</strong></span> <span class='ocrx_word' id='word_1_249' title='bbox 885 3302 1015 3355; x_wconf 85' lang='lat' dir='ltr'><strong>tunicam.</strong></span> <span class='ocrx_word' id='word_1_250' title='bbox 1085 3303 1144 3352; x_wconf 74' lang='lat'><strong>750.</strong></span> <span class='ocrx_word' id='word_1_251' title='bbox 1164 3319 1181 3353; x_wconf 84' lang='lat' dir='ltr'><strong>e</strong></span> 
     </span>
     <span class='ocr_line' id='line_1_38' title="bbox 214 3370 1182 3481; baseline 0.007 -69"><span class='ocrx_word' id='word_1_252' title='bbox 214 3379 339 3481; x_wconf 57' lang='lat' dir='ltr'><strong>poppgme</strong></span> <span class='ocrx_word' id='word_1_253' title='bbox 361 3370 562 3481; x_wconf 43' lang='lat' dir='ltr'><strong>ppo&#39;purmato.</strong></span> <span class='ocrx_word' id='word_1_254' title='bbox 586 3382 680 3432; x_wconf 83' lang='lat' dir='ltr'><strong>mergo</strong></span> <span class='ocrx_word' id='word_1_255' title='bbox 703 3372 846 3433; x_wconf 85' lang='lat' dir='ltr'><strong>praeterea</strong></span> <span class='ocrx_word' id='word_1_256' title='bbox 869 3371 980 3434; x_wconf 86' lang='lat' dir='ltr'><strong>praebet</strong></span> <span class='ocrx_word' id='word_1_257' title='bbox 1002 3383 1083 3432; x_wconf 83' lang='lat' dir='ltr'><strong>syrm.</strong></span> <span class='ocrx_word' id='word_1_258' title='bbox 1108 3370 1182 3434; x_wconf 89' lang='lat' dir='ltr'><strong>quod</strong></span> 
     </span>
     <span class='ocr_line' id='line_1_39' title="bbox 226 3446 601 3484; baseline 0.011 -4"><span class='ocrx_word' id='word_1_259' title='bbox 226 3446 240 3480; x_wconf 90' lang='lat' dir='ltr'><strong>e</strong></span> <span class='ocrx_word' id='word_1_260' title='bbox 274 3446 353 3482; x_wconf 83' lang='lat' dir='ltr'><strong>omae</strong></span> <span class='ocrx_word' id='word_1_261' title='bbox 390 3447 475 3483; x_wconf 79' lang='lat' dir='ltr'><strong>retur</strong></span> <span class='ocrx_word' id='word_1_262' title='bbox 494 3447 601 3484; x_wconf 75' lang='lat' dir='ltr'><strong>suanae.</strong></span> 
     </span>
    </p>
   </div>
   <div class='ocr_carea' id='block_1_6' title="bbox 0 0 1300 3984">
    <p class='ocr_par' dir='ltr' id='par_1_6' title="bbox 0 0 1300 3984">
     <span class='ocr_line' id='line_1_40' title="bbox 0 0 1300 3984; baseline 0 2"><span class='ocrx_word' id='word_1_263' title='bbox 0 0 1300 3984; x_wconf 95' lang='lat' dir='ltr'><strong> </strong></span> 
     </span>
    </p>
   </div>
  </div>
 </body>
</html>
