2590 3984
187 109 250 174 104
509 111 571 162 ota.
590 111 638 162 1v.
675 112 847 166 aaa-107.
937 131 946 143 -

230 262 327 326 Debet
348 262 525 342 promissam
548 261 651 324 iallere
673 271 739 342 tyro
761 261 869 326 ndemr

188 348 330 409 Adversis
353 365 413 407 non
437 346 541 408 deesse
564 347 651 409 decet
674 347 725 408 sed
748 347 826 408 laeta
848 347 973 418 securis,

229 433 288 510 llos
310 431 383 492 milri
406 431 511 492 dicetis
534 433 671 502 forsitam
696 432 731 492 ad
755 431 833 511 quod
857 448 922 509 ego.

186 517 246 578 Pro
270 519 368 595 patria
391 533 526 596 pugnare
549 516 636 578 dccet
657 533 844 594 regnumque
866 516 955 584 tueri,

230 601 337 662 Hostes
361 619 378 660 a
400 602 487 680 regni
509 599 622 680 pellere
644 602 702 661 fine
725 601 781 662 sui,
1126 611 1162 661 80

186 687 246 747 Fas
270 694 324 753 est,
349 692 381 745 ut
403 695 522 746 revocet
544 686 638 764 quivis
661 683 832 764 opprobrio,
857 685 964 746 damna
1027 733 1029 745 .

230 769 366 831 Vindicet
388 776 419 848 01
439 768 551 830 bellum
575 788 641 830 sors
664 769 792 830 violenta
813 776 905 847 petat.

188 853 256 922 Sed,
281 854 324 914 sic
346 852 507 915 vindictam
530 853 605 914 mala
628 871 666 914 ne
689 852 801 932 majora
825 859 1000 932 sequantur,

231 939 324 999 Ferre
346 939 465 998 minora
487 936 563 1011 volo,
587 957 624 998 ne
647 938 783 1016 graviora
805 938 911 998 ieram.

187 1022 248 1083 Nos
269 1039 367 1101 neque
389 1039 444 1100 pro
467 1023 561 1100 patria
585 1039 761 1101 pugnamus,
785 1020 867 1082 nulla
891 1029 1009 1084 tuemur
1089 1062 1091 1066 -
1122 1033 1157 1082 85

230 1105 342 1184 Regna,
367 1123 421 1166 nec
444 1124 583 1168 arcemus
606 1107 722 1167 hostica
745 1107 828 1183 signa
850 1106 965 1187 procul.

132 1223 135 1231 ·
188 1191 245 1251 llic
268 1208 380 1258 sumus,
402 1190 493 1270 inque
518 1192 610 1250 vicem
633 1208 688 1251 nos
704 1190 935 1252 ›commactando
957 1193 1083 1252 ierimus

105 1335 107 1339 ,
231 1274 347 1335 lnsanis
369 1274 491 1344 similes,
516 1272 596 1336 nulla
619 1278 719 1356 quieta
742 1275 814 1336 dies

190 1358 249 1420 Sed
273 1375 372 1436 neque
394 1377 453 1419 nox
477 1359 580 1420 didicit
602 1359 693 1421 ullam
717 1375 825 1437 parare
847 1360 989 1439 quietem.

126 1519 127 1522 Ἴ
231 1443 317 1504 Μο00
340 1442 491 1504 necandus
514 1462 574 1513 ero,
599 1453 686 1504 nocte
710 1445 829 1522 quietus
852 1438 922 1505 ero?
1124 1453 1160 1503 00

188 1528 255 1589 Non
278 1527 435 1588 rationales
459 1526 595 1588 homines
618 1531 671 1596 sic,
695 1529 787 1587 immo
810 1527 944 1589 furentes

231 1612 270 1673 Se
293 1621 512 1672 consueverunt
534 1612 678 1674 dilaniare
702 1630 801 1673 canes.

188 1697 239 1757 Sic
262 1694 359 1774 lupus,
384 1702 413 1755 et
435 1702 539 1773 turpes
562 1698 675 1757 instant
696 1694 894 1757 morientibus
918 1699 996 1764 ursi;

231 1779 269 1840 Et
291 1797 486 1858 quaecunque
510 1781 608 1841 minor
631 1779 787 1841 nobilitate
810 1782 882 1841 iera.

190 1864 253 1927 lam
276 1865 369 1923 nostri
391 1865 511 1942 periere
533 1865 633 1934 duces,
656 1867 773 1944 periere
796 1862 936 1934 Quirites,
1125 1873 1159 1923 95

232 1947 306 2018 Quis
328 1954 466 2008 numeret
488 1947 609 2017 validos
633 1951 684 2028 qni
707 1948 853 2018 cecidere,
878 1948 987 2008 duces?

192 2031 317 2092 Causam
341 2033 495 2110 quaerenti
518 2035 665 2093 nescirem
689 2034 798 2102 dicere,
823 2050 916 2113 quare

231 2117 285 2177 Est
306 2116 391 2176 luror
412 2117 446 2176 in
459 2135 569 2190 cursu,
593 2120 644 2196 qui
666 2121 783 2178 ratione
806 2125 896 2178 caret.

191 2201 227 2260 Et
250 2201 321 2279 quid
345 2201 533 2279 perficimus?
557 2203 622 2262 sine
643 2203 744 2262 fructu
767 2202 889 2263 Graecia
911 2210 1031 2280 pugnat,

232 2285 298 2346 Non
323 2303 378 2366 pro
401 2286 510 2347 suturis
531 2285 630 2346 littora
655 2284 754 2346 bubus
777 2294 851 2346 arat.
1108 2296 1160 2344 100

188 2370 327 2430 Forsitan
351 2372 380 2429 in
405 2370 537 2431 medium
561 2371 688 2432 Ledearn
711 2387 824 2450 ponere
848 2368 944 2440 vultis,

231 2455 373 2531 Turpiter
396 2472 432 2514 ex
456 2455 569 2516 Graeca
591 2458 630 2516 sit
652 2455 719 2534 quia
742 2464 826 2533 rapta
850 2454 948 2514 domo.

188 2535 265 2611 Quid
288 2540 415 2598 miscere
435 2537 518 2616 juvat
539 2542 609 2608 iras,
633 2537 837 2618 Helenamque
861 2546 963 2598 tenere

234 2620 267 2682 ln
289 2623 398 2691 medio,
422 2633 525 2682 nostro
547 2626 585 2684 sit
607 2625 677 2702 qnia
701 2631 795 2685 tracta
818 2623 893 2684 loco.

192 2704 243 2766 1110
266 2724 322 2766 nec
346 2715 391 2767 est
413 2715 516 2776 tracta,
540 2715 713 2786 meropia,
736 2708 789 2768 sed
812 2708 889 2769 hanc
912 2707 962 2769 ubi
984 2706 1056 2767 vidit
1110 2717 1161 2766 105

232 2787 316 2850 Miles
339 2801 368 2851 et
390 2790 497 2858 allexit,
523 2800 630 2871 sponte
654 2799 755 2853 secuta
778 2793 843 2854 luit.

190 2869 329 2936 Ponatur
347 2881 431 2955 rapta
453 2876 533 2956 quod
556 2877 602 2945 sit,
627 2896 685 2938 non
708 2885 815 2956 sponte
837 2885 952 2946 secuta;

258 3061 299 3111 76.
317 3075 426 3124 margo:
446 3060 544 3124 quibus
564 3061 639 3121 dicit,
658 3060 731 3114 nolo.
784 3062 825 3111 79,
844 3055 937 3111 (10011.
956 3059 1102 3111 Alexandr.
1120 3060 1160 3120 11,

188 3128 248 3178 358.
269 3128 311 3176 59.
347 3129 401 3177 Pro
419 3128 513 3191 patrie
530 3132 607 3178 01000
627 3131 655 3179 et
672 3128 781 3193 patriae
801 3127 898 3190 titulis,
918 3133 946 3180 01
964 3128 1077 3180 honore.

346 3194 497 3260 Invigilaro
518 3194 600 3245 decet

188 3259 230 3310 89.
251 3259 349 3312 melius
367 3265 489 3325 patrare.
559 3265 600 3314 93.
620 3265 661 3313 et.
681 3261 731 3316 Ov.
751 3263 835 3312 Trist.
856 3261 906 3326 111,
926 3264 950 3324 5,
969 3264 1010 3314 30.
1029 3265 1062 3313 dd
1143 3269 1145 3272 “

291 3327 328 3377 At
346 3327 436 3393 lnpus,
455 3333 482 3378 et
500 3333 595 3393 turpes
612 3329 719 3380 instent
737 3330 917 3380 morientibus
936 3330 994 3380 ursi

324 3395 362 3444 Et
380 3409 559 3460 quaecunque
578 3397 666 3447 minor
683 3395 830 3448 nobilitate
849 3397 909 3448 fera
927 3401 977 3447 001.
