2574 3976
457 165 520 216 nro.
539 167 572 218 v.
607 183 632 222 v.
652 167 795 218 raa-roo.
1045 165 1106 233 157

5 275 7 306 l

5 307 7 380 l
181 317 269 378 Parte
292 317 355 380 lere
377 316 475 379 media
497 336 531 378 re
553 317 729 380 tribulamur
752 337 795 381 ea.

139 401 220 462 Pone
242 402 312 481 quid
336 403 456 480 iugenio
480 403 611 480 vigemus
633 402 826 482 consilioque,

181 485 321 548 Pluribus
344 493 483 547 occurret
505 487 653 565 quomodo
676 505 770 566 pauca
793 487 917 549 manus?

138 569 205 631 Non
229 570 319 632 habet
341 571 420 632 uude
442 589 528 631 suum
551 577 712 650 paupertas
733 579 836 650 paseat
858 589 1000 642 amorem,
1055 583 1105 632 705

182 656 262 718 Bella
286 655 384 716 bravia
406 673 551 717 numerus
573 673 633 716 uon
656 655 747 718 habet
769 655 848 718 unde
870 665 964 734 gerat.

139 740 216 804 ilinc
239 744 264 802 si
286 740 433 818 prodierit
454 738 579 802 illustris
600 739 685 802 miles
706 741 736 801 in
758 743 854 816 Argos

173 825 260 896 'Quot
281 827 332 905 qui
354 825 545 904 praecedent,
569 827 658 904 quive
681 833 852 904 sequentur,
877 826 984 886 erunt?

140 912 216 972 Tum
238 909 316 970 bena
338 910 423 970 sortis
446 927 541 988 equus
562 915 695 970 reserato
718 927 840 970 carcere
862 912 972 977 currit3

182 995 278 1066 Quum
302 1011 377 1074 quos
400 1001 577 1071 praetereat,
601 1011 732 1074 quosque
755 1001 904 1073 sequatur,
928 991 1026 1055 habet.
1056 1004 1106 1054 770

138 1081 273 1142 Audaces
294 1079 327 1139 lit
348 1096 403 1157 per
425 1080 504 1138 acies
523 1078 667 1140 audacior
690 1078 793 1146 audax.

184 1165 307 1226 Sarcina
331 1162 429 1223 reddit
450 1181 525 1223 ontis
547 1163 741 1242 praecipitata
763 1163 872 1224 minus.

140 1248 257 1311 Pendet
277 1247 308 1307 iu
331 1247 378 1308 his
400 1249 516 1326 patriae
538 1265 595 1325 pax
619 1253 649 1306 et
670 1248 793 1308 victoria
816 1243 932 1324 Trojae,

183 1333 264 1404 Quos
285 1327 357 1390 tulit
378 1331 408 1390 in
430 1336 532 1408 portas
553 1348 607 1408 pes
628 1329 771 1407 fugitivus
793 1330 868 1390 heri.

142 1417 187 1478 lin
210 1414 290 1494 quod
311 1417 343 1474 io
365 1413 494 1474 audaces
516 1430 576 1474 uon
599 1421 644 1473 est
666 1413 789 1476 audacia
812 1418 874 1476 tuta
1056 1425 1105 1474 775

185 1500 349 1568 Sensimus,
374 1497 412 1559 ob
436 1497 516 1566 belli,
539 1497 619 1577 quod
642 1497 813 1576 toleramus,
837 1515 921 1558 onus.

143 1581 218 1653 Quis
240 1590 358 1644 meotes
379 1581 531 1644 revocabit
552 1583 622 1642 item
646 1582 836 1660 gladiumque
857 1581 968 1644 lavabit

183 1667 326 1730 Hostibus
347 1669 378 1727 in
399 1666 535 1746 jugulum
557 1667 614 1727 vile
636 1667 720 1746 piare
741 1665 903 1746 probrum?
943 1683 946 1690 ’

141 1754 299 1832 Egregium
322 1769 432 1830 corpus
454 1757 499 1812 est
520 1753 606 1828 regui
629 1758 720 1830 tuque
741 1753 858 1828 tuique:

183 1836 289 1898 Nobile
312 1845 344 1897 tu
367 1844 456 1915 caput
478 1854 519 1904 es,
542 1834 645 1897 inolita
668 1835 803 1897 membra
825 1836 879 1895 tui.
1056 1845 1106 1896 700

140 1923 198 1984 Sed
221 1938 347 1983 numero
370 1920 460 1998 longo
482 1919 543 1982 lato
565 1919 728 1998 gaudemus
751 1926 779 1980 et
801 1919 869 1989 alto,

184 2007 347 2086 Tamquam
369 2006 498 2066 victores
520 2012 675 2084 compotus
696 2003 746 2065 ille
768 2011 859 2066 creet.

140 2091 183 2152 'le
206 2107 365 2151 numerosa
388 2088 516 2168 phalanx
539 2091 719 2158 circumstat,
744 2097 774 2149 et
796 2105 865 2150 ecce
889 2087 1023 2151 videmus

186 2175 217 2236 lu
240 2181 324 2254 porta
347 2173 472 2241 Danaos,
496 2190 584 2234 nemo
606 2172 725 2252 repellit
747 2187 806 2234 eos.
901 2187 921 2244 ’,

142 2260 203 2321 Nos
225 2275 368 2319 numerus
389 2274 502 2327 sumus,
527 2263 556 2322 et
577 2257 679 2334 fruges
701 2273 877 2318 consumere
900 2257 970 2324 uati,
1056 2267 1105 2316 705

187 2342 253 2404 Nou
275 2344 327 2420 qui
351 2340 511 2402 defendant
531 2340 624 2402 limen
646 2341 683 2401 ab
705 2341 791 2404 hoste
813 2343 881 2401 viri.

144 2426 210 2487 Non
234 2425 287 2486 tibi
309 2425 361 2497 sed
385 2423 470 2485 nobis
491 2424 636 2486 incumbit
658 2426 772 2486 crimen
795 2423 833 2495 id,
857 2443 875 2483 o
896 2425 963 2485 rex!

184 2511 290 2571 Effecit
312 2507 473 2570 tremulum
496 2527 548 2568 cor
569 2507 638 2586 luga
661 2515 880 2570 nostratuum.

137 2593 278 2664 ,Consiliis
300 2611 333 2653 es
355 2593 472 2654 auxiliis
494 2591 658 2654 laudandus
680 2602 709 2654 et
731 2593 829 2664 armis,

183 2678 286 2739 Stabat
308 2678 362 2739 sub
386 2676 484 2756 gladio
507 2680 602 2757 patria
625 2685 690 2738 tuta
712 2687 773 2738 tuo.
801 2725 802 2730 1
1055 2688 1105 2740 790

139 2831 342 2846 ..μμ-.-

211 2915 268 2966 rat.
287 2912 369 2965 Orid.
387 2913 464 2967 Rem.
483 2913 542 2968 748.
608 2915 668 2964 769.
686 2914 726 2964 70.
745 2912 826 2967 Ovid.
838 2912 914 2964 Rem.
926 2913 984 2974 595,
1005 2929 1039 2965 ax
1051 2929 1105 2980 quo

140 2981 201 3032 loco
218 2996 267 3046 pro
285 2981 375 3032 nostri
392 2985 465 3043 tunc,
484 2979 556 3043 dum,
574 2981 715 3046 posuimus
727 2985 792 3043 tum,
811 2995 902 3045 quum.
955 2983 1015 3034 777.
1033 2981 1105 3047 (Me-

140 3047 288 3111 ximianus)
307 3047 386 3113 Eleg.
403 3049 437 3111 V,
456 3049 489 3099 70

241 3117 406 3166 Intermissa
424 3115 514 3166 minus
531 3115 643 3166 sarcina
661 3114 767 3180 pondus
784 3114 869 3166 hebet

141 3188 171 3234 et
189 3183 283 3238 Senot.
302 3199 385 3234 cum.
403 3181 492 3238 bucol.

241 3253 279 3302 Et
297 3251 388 3302 diuisa
405 3252 494 3302 minua
512 3252 622 3302 sarcina
640 3248 670 3301 fit
688 3251 790 3315 gravis.

139 3320 199 3370 775.
216 3319 267 3370 Ov.
286 3318 353 3369 Mat.
370 3319 404 3383 X,
423 3320 474 3370 544
547 3360 549 3366 .

293 3413 324 3422 -
343 3413 376 3424 -
394 3388 422 3436 in
440 3386 558 3438 audaces
576 3401 631 3436 nou
650 3389 693 3437 est
711 3385 829 3436 audacie
848 3389 917 3436 tuta.

139 3455 198 3506 678.
218 3453 304 3507 schol.
324 3453 530 3518 fugnanostroe
542 3453 660 3505 scilicet.
714 3453 773 3508 785.
791 3453 888 3505 Horat.
897 3452 986 3518 Epist.
996 3452 1018 3518 1,
1028 3457 1052 3516 2,
1060 3457 1102 3508 2⁷.
