2590 3984
198 191 259 256 llO
502 190 564 244 Lib.
582 189 630 239 IV.
666 203 693 240 v,
711 188 856 238 tot—286.

195 346 228 406 ln
251 345 347 424 prima
369 342 490 405 Troilus
512 344 574 404 acie
597 347 745 410 versatur,
768 339 893 402 Achivos

238 431 344 491 Acrius
367 429 527 489 obtruncat
547 425 807 506 Myrmidonasque
830 427 922 499 lugat.

195 514 333 576 Palantes
354 514 385 573 in
408 520 506 574 castra
528 512 648 591 premit,
672 510 791 571 obstare
814 507 947 569 volentes

238 596 410 660 Praevalide
432 603 577 676 penetrat,
601 592 723 655 vulnera
740 594 810 677 'dira
832 600 924 654 secat.
1115 601 1167 650 260

118 727 120 732 -
198 682 235 743 Et
256 682 327 744 licet
349 681 496 744 ohstiterit
517 679 716 749 Telamonius,
740 679 770 738 in
793 696 844 738 sua
868 677 978 738 Teucri

240 767 371 828 Victores
394 766 529 834 redeunt,
553 764 684 828 carmina
707 763 783 848 laeta
806 772 926 823 canunt.

396 929 538 985 ITERUM
555 928 720 984 REDITUR
736 927 788 982 AD
805 926 962 982 BELLUM.

196 1038 251 1097 Vix
274 1042 465 1116 exspectatur
487 1035 537 1096 lux
560 1037 699 1104 crastina,
723 1034 822 1113 prodit
844 1033 963 1095 Atrides

239 1121 313 1182 Cum
334 1121 451 1202 Danais,
477 1117 576 1198 prodit
596 1119 799 1198 Myrmidonea
822 1118 959 1198 phalanx.

195 1207 228 1267 ln
252 1203 363 1266 bellum
385 1205 481 1266 Troes
503 1205 660 1283 animoque
684 1207 832 1284 manuque
855 1205 972 1264 seroces
1115 1214 1165 1264 atto

238 1289 373 1368 Exagitat
393 1287 523 1358 Troilus,
547 1305 659 1368 parque
683 1289 782 1349 valore
806 1287 898 1348 Paris.

108 1371 112 1376 ’
196 1375 235 1436 Se
258 1382 381 1435 nectunt
402 1375 489 1442 acies,
513 1374 592 1444 ensis
614 1370 755 1435 scintillat
778 1371 815 1432 ab
839 1389 910 1432 ense

239 1460 277 1521 Ut
300 1466 396 1520 tactus
419 1456 543 1537 chalybe
566 1457 696 1535 fulgurat
717 1459 786 1534 igne
809 1455 892 1517 silex.

196 1544 282 1605 Nunc
303 1544 435 1623 primum
458 1548 601 1620 pugnant,
625 1543 710 1620 quasi
733 1541 830 1619 pridie
853 1541 926 1603 litus
949 1542 1072 1611 ararim,

239 1627 276 1688 Et
298 1628 412 1688 luerint
434 1628 552 1706 penitus
575 1625 651 1687 bella
675 1627 776 1705 priora
796 1623 893 1704 jocus.
1113 1637 1166 1687 270

197 1711 235 1774 Se
258 1712 394 1780 caedunt,
418 1710 551 1780 laedunt,
575 1717 779 1789 prosternunt,
802 1713 915 1772 viscera
938 1711 1078 1782 fundunt,

239 1795 375 1857 Partibus
398 1795 542 1857 ambabus
564 1793 658 1856 millia
681 1795 771 1855 multa
795 1795 913 1856 cadunt.

196 1881 266 1942 Fert
288 1878 472 1941 intellectum
496 1879 593 1942 stultis
615 1882 731 1940 vexatio
754 1879 877 1950 nullum,

238 1964 304 2026 Non
328 1964 391 2025 auri
414 1971 539 2040 stratum
563 1982 613 2024 sus
637 1971 725 2034 amat,
749 1965 840 2024 immo
863 1963 969 2026 lutum.
1072 2035 1076 2042 ,

196 2049 321 2127 Semper
343 2049 379 2109 ad
402 2056 539 2109 eventum
562 2047 683 2109 festinat
704 2057 734 2109 ct
755 2050 786 2108 in
810 2049 921 2110 medias
944 2067 993 2110 res
1114 2057 1164 2110 276

238 2133 293 2194 Hic
315 2132 443 2212 populus
466 2135 571 2193 mortis
594 2133 785 2211 anticipando
808 2132 881 2194 dies.
1000 2128 1004 2136 ’

196 2218 248 2278 Vix
271 2226 364 2287 vacat,
388 2223 421 2277 ut
442 2218 541 2278 loveat
563 2217 699 2278 sudantia
721 2216 855 2278 membra
880 2219 992 2296 quieta

238 2301 324 2372 Quod
347 2302 410 2362 sine
432 2307 530 2379 strage
553 2300 630 2361 volat
652 2309 781 2380 tempus,
804 2299 892 2362 inane
915 2309 1007 2381 putat.

194 2385 281 2448 Unde
303 2403 358 2446 nec
382 2404 440 2447 uua
464 2384 528 2446 dies
549 2385 585 2445 ad
608 2403 738 2464 pugnam
762 2387 871 2447 sufficit
892 2385 951 2446 illis

238 2468 343 2530 Plures
365 2472 547 2539 continuant,
571 2487 609 2530 ne
632 2472 696 2531 sine
718 2478 813 2531 marte
835 2471 937 2531 tlnant.
1115 2481 1170 2530 280

197 2553 303 2616 Plectit
326 2572 377 2615 eos
399 2552 517 2615 Troilus
539 2557 616 2616 sicut
637 2573 782 2633 persaepe
804 2557 967 2617 rotundum

239 2638 343 2700 Saevit
364 2640 491 2716 corrigia
514 2637 627 2717 pellere
650 2642 753 2700 stricta
777 2639 926 2710 trochum;

196 2723 234 2785 Ut
256 2722 350 2783 velter
372 2740 463 2801 super
486 2738 554 2782 arva
578 2722 666 2792 teras,
689 2725 731 2783 sic
755 2725 799 2782 vir
821 2723 902 2785 ierus
925 2726 1006 2803 ipsos

238 2807 439 2887 Myrmidones
462 2809 562 2884 agitat,
587 2807 629 2867 sic
652 2807 791 2884 agitando
814 2809 906 2886 lugat.

436 2970 510 3024 PAX
526 2970 654 3026 DATUR
671 2971 744 3025 Pata
761 2971 921 3026 MENSEM.

107 3079 109 3084 '
195 3077 314 3139 Atrides
337 3075 407 3138 helli
430 3077 589 3137 discrimen
613 3085 646 3138 ut
668 3080 774 3156 aspicit
796 3079 874 3138 acris
910 3101 912 3106 ·
1112 3087 1167 3137 ‘285

238 3161 272 3223 ln
294 3177 347 3222 sna
371 3179 546 3222 conversum
570 3169 667 3223 castra
691 3171 794 3222 tenore
818 3165 915 3240 gravi;

265 3349 323 3401 259.
342 3345 471 3398 Scholion
489 3345 635 3412 marginis:
656 3344 805 3410 fugientes.
862 3347 920 3398 263.
941 3307 1163 3412 superscriptum

197 3429 246 3478 pro
267 3414 353 3464 codic.
372 3413 504 3466 Achillas.
570 3414 627 3464 267.
647 3429 662 3463 c
679 3415 803 3479 margine
823 3431 884 3479 pro:
904 3413 1034 3465 sintillat.
1103 3417 1167 3472 275.

196 3481 263 3535 Hor.
282 3481 312 3532 A.
330 3482 361 3532 P.
383 3483 439 3536 148.
467 3503 473 3512 ·
510 3481 568 3536 285.
587 3479 697 3546 Margo:
716 3496 770 3547 pax
788 3481 827 3532 IX
845 3483 926 3533 unius
944 3483 1056 3534 mensis.
