2590 3984
196 124 256 191 106
500 128 562 181 uro.
579 129 627 182 1v.
664 145 690 185 v.
710 131 852 181 138-164.

236 282 404 362 Vapparum
426 282 517 344 sociis
539 279 713 343 lubricitatis
735 283 807 343 iteri

194 368 331 446 Europae
354 385 438 428 mens
460 374 514 434 est,
538 373 571 425 ut
592 367 702 427 lamina
725 368 821 446 turpis
843 367 960 428 honesti

236 451 269 512 ln
291 449 453 512 thalamum
475 449 587 520 redeat,
610 452 648 511 sil
669 446 754 530 quasi
775 453 867 530 virgo,
891 453 979 512 viri.¹
1112 461 1164 511 140

194 535 261 598 Non
283 535 362 597 hene
385 537 571 605 conveniunt,
595 537 701 595 necin
725 553 782 596 una
804 535 876 597 sede
899 544 1055 597 morantur

237 620 288 681 Vir
310 623 388 681 vitae
412 619 576 699 speculum,
599 622 710 681 semina
733 618 789 679 vile
812 619 914 687 lutum.

194 705 230 766 Et
252 722 306 766 nos
329 706 448 783 egregie
472 721 648 784 pugnamus
672 707 724 784 qui
746 705 910 781 repetenda

155 861 156 866 η
236 789 296 850 Nos
318 792 401 867 ipsos
423 787 474 850 tali
495 807 551 868 pro
573 787 700 849 muliere
723 788 836 850 damus,
1206 838 1210 844 ,

194 874 274 934 Haeo
296 871 323 934 si
345 873 449 934 militia
472 874 510 934 sit
531 872 656 934 honesta
679 871 784 944 videte,
807 873 913 944 videte,
1111 883 1162 932 145

238 958 269 1019 Si
291 957 383 1018 decus
405 965 457 1027 est,
482 960 580 1018 causis
604 955 711 1019 talibus
732 975 814 1018 arma
837 957 918 1019 dare.

194 1040 326 1102 Militiam
349 1043 391 1103 sic
413 1041 482 1102 nolo
505 1043 597 1120 sequi,
620 1059 672 1101 vos
695 1059 766 1120 ergo
788 1042 885 1102 redite

236 1126 275 1186 Et
296 1129 362 1204 regi
382 1127 492 1186 mantis
515 1135 582 1186 vota
605 1127 717 1187 referte
740 1145 833 1188 meae.

195 1211 272 1271 Tres
295 1227 381 1270 verso
404 1211 522 1271 rediere
545 1210 648 1289 gradu,
672 1212 795 1290 regique
818 1228 995 1290 responsum

236 1293 337 1356 lllilitis
361 1302 528 1374 apportant,
553 1296 693 1374 quodque
716 1297 817 1355 venire
840 1303 938 1373 negat.
1070 1355 1072 1362 Α
1113 1303 1166 1352 150

280 1461 287 1466 -
340 1427 539 1497 cessurum
556 1441 762 1497 Psinemoun
781 1441 1016 1498 esnneoamr.

194 1547 305 1610 Accitis
329 1547 455 1610 ducibus
477 1566 539 1617 rex,
564 1565 597 1609 re
620 1547 790 1626 superbae
813 1548 883 1628 quid
907 1554 1020 1626 agatur,

238 1630 382 1693 Obsecrat
404 1634 522 1692 interna
546 1630 679 1710 pendere
701 1650 850 1712 quemque
874 1631 960 1693 libra.

194 1717 238 1778 Ne
262 1733 430 1793 paveamus,
454 1716 494 1775 ait
516 1715 676 1785 Menelaus,
700 1723 824 1794 propter
845 1715 1005 1784 Achillem:

237 1800 383 1879 Prospera
406 1799 569 1861 succedent
590 1809 710 1878 praeter
733 1798 853 1861 Achillis
876 1818 972 1879 opem.

194 1884 364 1946 Attemtaho
386 1887 493 1953 virum,
517 1885 543 1945 si
565 1885 641 1944 sorte
663 1885 821 1946 reflectere
842 1886 970 1964 possim;
1115 1892 1165 1942 155

237 1968 362 2037 Sinon,
386 1966 579 2046 praestabunt
600 1969 716 2048 proelia
740 1976 841 2030 nostra
866 1968 964 2030 modo.

194 2053 323 2114 lleetore
346 2052 434 2131 Troja
457 2059 548 2122 caret,
571 2072 632 2114 non
655 2060 700 2114 est
721 2053 765 2114 ihi
786 2055 872 2114 lortis
894 2062 928 2114 ut
950 2052 1070 2121 Hector,

238 2136 382 2199 Aeacides
405 2135 489 2196 nobis
512 2138 590 2198 desit
611 2147 644 2199 ut
666 2138 777 2198 Hector
800 2139 851 2198 eis.

194 2222 261 2283 Non
284 2222 391 2299 prohat
413 2221 545 2283 edictum
567 2222 725 2283 Diomedes
746 2223 819 2282 hoc:
843 2221 1022 2300 Troilusque

236 2306 302 2367 Non
325 2305 415 2367 habet
437 2307 562 2368 inferius
585 2306 713 2366 lleotore
736 2303 838 2375 rohur,
862 2307 911 2367 ait.
1113 2313 1167 2362 160

194 2389 276 2452 Bella
298 2399 369 2468 puto
392 2389 528 2471 sepelire,
551 2389 661 2450 bonam
684 2393 862 2469 conquirere
885 2407 1005 2469 pacem;

238 2475 274 2535 Et
296 2474 468 2537 Laertiades
490 2475 666 2537 testificatur
688 2475 778 2534 idem.
862 2479 864 2482 '

194 2557 260 2620 Non
282 2557 389 2620 lusisse
411 2559 511 2637 pudet,
537 2559 589 2620 sed
612 2573 671 2619 non
693 2557 826 2620 incidere
848 2558 968 2628 ludum;

238 2642 309 2704 Cum
333 2644 424 2705 luerit
446 2644 532 2705 ludus
555 2647 696 2722 optimus
720 2641 796 2704 abde
818 2641 921 2722 pilam.

263 2812 320 2862 138.
338 2811 470 2876 marginis
494 2809 628 2862 scholion.
651 2825 752 2876 vappa.
777 2810 854 2877 gluto
878 2809 922 2861 vel
940 2809 1034 2876 garcio
1052 2807 1164 2860 bibulus

123 2887 125 2892 “
194 2877 240 2928 vel
258 2878 368 2930 nebulo.
439 2879 496 2932 141.
515 2877 566 2930 Or.
584 2877 636 2928 Ars
654 2879 706 2942 III,
723 2881 774 2932 436

406 2971 440 2982 -
460 2949 487 2996 et
504 2947 534 2995 in
551 2946 629 3008 nulle
647 2946 714 2997 sede
732 2950 854 2996 moratur
873 2960 950 2996 emor

195 3014 251 3064 151.
273 3013 367 3064 Guelt.
384 3012 463 3066 Alex.
483 3014 530 3075 IV,
551 3015 607 3069 109.
628 3015 658 3065 10

601 3107 635 3118 -
652 3107 684 3118 -
704 3080 797 3130 citatis

261 3146 295 3197 In
315 3151 421 3199 coetum
441 3149 563 3211 ducibus,
582 3149 712 3215 quidnam
731 3161 812 3212 super
829 3146 872 3196 his
891 3147 929 3196 sit
947 3145 1089 3212 egendum.

196 3215 252 3270 162.
272 3211 408 3280 Marginis
432 3215 570 3267 scholion:
597 3215 696 3267 Ulixes
718 3214 791 3264 filius
813 3213 933 3264 Leertis.
1020 3214 1076 3264 163.
1094 3212 1162 3264 Hor.

194 3281 282 3346 Epist.
301 3283 323 3346 1,
344 3285 385 3346 14,
405 3285 437 3334 36
455 3285 512 3334 Nec
531 3283 632 3332 lusisse
651 3283 744 3348 pudet,
763 3281 811 3333 sed
830 3297 885 3331 non
903 3281 1024 3332 incidere
1043 3279 1136 3329 ludum

196 3347 528 3415 164.ApudGartnerum:
542 3349 733 3401 Proverbialia
745 3351 809 3400 1574
818 3364 845 3414 p.
857 3350 904 3398 116
914 3348 1056 3400 invenitur
1066 3347 1164 3398 eadem

195 3417 347 3468 sententie:
366 3417 438 3468 Dum
455 3415 537 3467 ludus
554 3417 642 3467 bonus
660 3421 710 3481 est,
728 3419 817 3484 ipsum
836 3415 976 3466 dimittere
994 3414 1035 3465 fas
1053 3418 1103 3467 est.
