2590 3984
442 193 504 244 um.
523 195 558 249 11.
594 211 620 248 v.
637 197 782 250 res-⁴774.
1057 192 1099 256 65

177 346 302 408 Brachia
327 365 471 408 mucrone
494 345 650 407 deficiente
672 356 778 407 moret.
859 385 867 392 -

133 433 317 493 Lentescuut
339 449 435 500 arcus,
459 430 622 491 tenduntur
644 431 763 490 fortiter
785 439 877 500 artus
1049 442 1099 490 745

176 517 212 578 Et
234 515 368 592 quumvis
387 513 499 592 jaciant
518 512 615 593 jacula
638 514 727 576 corda
749 514 860 576 rotent.

133 599 190 661 Hic
212 600 305 660 sortes
327 601 412 676 quasi
434 601 547 677 grando
569 606 668 668 ruunt,
692 601 776 660 turor
798 618 879 661 arma
903 601 1061 670 ministrat,

176 685 256 745 Mors
278 684 344 745 fluit
365 685 395 744 in
418 681 507 764 plebe
529 701 613 744 more
635 683 755 744 ttuentis
778 703 881 763 aquae.

135 768 265 847 impiger
288 769 471 839 Antilochus,
494 767 664 829 Prothcnor
685 769 815 848 itemque
838 769 944 830 Boetcs

176 852 251 915 'ires
273 871 288 912 a
312 853 404 913 soiius
427 853 564 913 Hectoris
588 871 658 913 ense
682 851 803 912 cadunt
1049 861 1100 910 tto

131 938 221 999 Certe
243 955 299 1017 pro
322 937 433 999 timidis
455 939 655 998 intercessere
678 935 831 997 tenebrae.

177 1021 240 1082 Rex
260 1019 346 1100 jubet
367 1023 398 1081 in
422 1023 576 1101 proprium
601 1039 749 1100 quemque
772 1021 872 1082 redire
895 1021 1002 1082 iocum.

131 1235 350 1292 coutuntur
369 1234 504 1289 GRAECI
523 1234 646 1290 OMNES
669 1235 710 1289 IN
732 1233 913 1290 HECTORIS
931 1234 1098 1291 MORTEM.

134 1376 228 1438 Nocte
251 1382 338 1436 vocnt
359 1393 501 1454 proceres
524 1377 726 1453 Agamemnon
749 1383 779 1436 et
801 1375 878 1434 inter
900 1375 1019 1435 eosdem

177 1460 283 1540 Coepit
305 1459 341 1519 dc
366 1457 435 1520 betti
456 1457 575 1518 volvere
598 1458 686 1519 verbu
709 1466 796 1519 statu.

134 1545 212 1605 Ecce
234 1544 349 1613 ridetis,
373 1544 422 1611 ait,
446 1544 525 1622 quod
549 1552 670 1605 nostrae
692 1542 786 1620 gioria
809 1543 905 1620 gentis
1049 1551 1098 1600 tto

177 1629 243 1690 Jum
265 1627 344 1689 cadit
368 1627 406 1689 ob
428 1626 549 1701 ratitos,
574 1630 625 1706 qui
647 1625 794 1696 cecidere,
817 1626 917 1686 duces.

132 1712 272 1784 Quotidie
293 1713 423 1773 ruimus:
446 1714 508 1771 ruit
530 1711 608 1774 illico
630 1710 841 1773 Prothesiqus.

179 1798 231 1858 Est
252 1795 304 1858 uhi
327 1794 499 1858 Patroclus?
522 1802 655 1858 mortuus
676 1795 859 1856 Antilochus.

136 1882 173 1942 Et
195 1881 264 1960 quid
288 1881 326 1942 de
349 1879 444 1942 valido
464 1880 662 1950 Prothenorc,
685 1883 772 1941 cuius
792 1883 822 1940 in
846 1882 938 1940 armis

178 1968 260 2028 Mens
282 1967 417 2026 animosa
440 1963 503 2035 iuit,
526 1965 643 2045 quidve·
658 1965 749 2026 Bocte
771 1965 896 2042 loquor?
1048 1975 1100 2024 760

134 2051 200 2112 Non
223 2049 304 2120 mitri,
328 2052 353 2110 si
377 2049 493 2127 linguae
515 2059 635 2111 centum
658 2050 726 2124 sint,
750 2067 862 2128 oraque
885 2058 1015 2125 centum,

177 2137 306 2196 Amissus
328 2151 469 2214 proceres
491 2151 669 2195 enumerare
691 2151 808 2214 queam.

135 2219 172 2280 tu
194 2219 270 2296 quod
294 2219 330 2280 de
354 2216 441 2296 plebe
463 2221 621 2298 perierunt
641 2217 724 2279 mitia
747 2216 843 2296 plura,

179 2303 220 2365 De
243 2320 371 2364 numero
393 2302 471 2380 vutgi
495 2304 606 2363 mentio
629 2301 709 2364 nulia
733 2301 815 2362 mihi.

134 2390 277 2449 Venimus
299 2387 335 2448 ad
357 2386 503 2466 Phrygios
524 2386 627 2447 ulcisci
649 2385 760 2466 probra
782 2385 913 2454 colonus,
1048 2393 1098 2444 ‘tut

176 2473 350 2533 'l'ractumus
372 2489 426 2551 per
448 2489 539 2550 equus
560 2470 744 2550 proficiendo
767 2468 841 2530 nihii
1157 2479 1160 2484 ·

136 2557 211 2619 Dum
234 2557 354 2634 loquum
378 2573 449 2618 ecce
471 2554 593 2616 trahunt
614 2553 725 2632 rigidus
748 2555 877 2634 suspirie
901 2551 991 2616 iibres

177 2640 215 2702 Et
235 2639 311 2701 bibit
332 2640 459 2700 interior
481 2641 579 2700 omniu
602 2639 692 2700 verbu
715 2638 810 2709 dolor.

136 2726 158 2783 t
182 2723 246 2786 ocio
267 2725 396 2804 patimur
419 2725 475 2786 hoc
497 2722 628 2785 dedecus
650 2723 786 2792 Hectore,
812 2723 940 2784 Graecus

176 2807 272 2878 Scins,
294 2809 371 2888 proh
393 2809 519 2869 fucinus!
542 2812 586 2870 vir
608 2815 689 2870 secat
710 2811 767 2868 istc
788 2824 891 2885 geues.
1046 2814 1097 2866 tto

134 2891 299 2954 Consilium
321 2892 472 2972 praebete,
493 2892 594 2960 duces,
617 2893 727 2966 audite,
750 2892 821 2970 quid
844 2893 902 2953 istc

175 2977 239 3038 Jam
263 2994 353 3056 super
374 2975 499 3040 articulo
522 2978 578 3038 sim
601 2977 763 3038 meditatus
785 2993 851 3055 ego.

134 3061 273 3123 Hectoris
295 3064 326 3122 in
347 3061 483 3141 jugulum
506 3060 649 3122 terrentis
671 3067 732 3122 tote
753 3060 893 3140 juventus

175 3145 281 3208 Dorica
303 3147 465 3227 conspiret.
504 3145 632 3214 Dixerat,
655 3145 744 3226 idque
766 3145 869 3226 piacet.

199 3416 257 3471 74⁸.
276 3431 348 3466 more
366 3416 460 3470 fluent.
480 3431 523 3480 sq.
554 3413 604 3466 Or.
618 3416 668 3466 Ars
681 3415 732 3478 111,
751 3416 795 3467 62.
864 3417 923 3465 752.
943 3412 1097 3480 emargins

131 3485 184 3538 loc.
203 3499 266 3549 pro:
283 3497 371 3535 suum.

181 3572 273 3616 rrottus.
876 3568 892 3616 5
