2592 3978
193 203 232 268 12
392 225 394 230 ’
531 205 593 256 Lib.
610 205 633 256 1.
663 219 689 257 v.
708 205 818 256 ert-58.

234 359 270 420 Et
287 349 439 428 ¹foecunda
461 359 532 419 tacit
555 366 675 437 pectora
699 357 797 418 laudis
818 375 912 418 amor.

192 443 254 514 lbo,
279 445 381 514 refert,
406 443 516 504 dentur
539 443 613 504 socii
636 445 779 522 navisque
801 451 934 523 paretur,

235 533 331 608 Argus
355 535 428 590 erat.
467 527 616 599 Fabricet,
640 545 693 588 rex
716 530 768 604 ait,
791 530 870 607 Argo
895 536 987 590 vocet.

293 656 409 716 JASON
426 653 594 714 NAVIGAT
611 656 869 713 Pno'vunuunn
887 657 1020 714 AUREO.

158 797 160 802 ·
191 770 339 831 Rumores
361 766 435 828 hinc
458 765 528 827 inde
552 763 650 826 volant
671 765 708 825 de
731 765 855 833 Jasone;
879 765 981 837 lason,

236 854 273 916 Ut
295 850 390 913 vellus
413 852 518 930 rapiat,
543 849 673 912 Colchon
698 850 779 912 adire
802 860 897 930 parat.
1126 860 1163 911 30

191 937 336 1016 Exsurgit
359 938 441 998 navis
463 935 675 1014 pulcherrima,
699 934 833 1014 velleque
856 942 951 996 totum

234 1021 345 1092 Militis,
370 1028 402 1082 ut
424 1023 510 1082 lieret
531 1018 615 1080 valde
636 1026 768 1090 venusta,
793 1019 856 1081 luit.

192 1109 316 1170 Graecia
338 1105 415 1168 laeta
437 1107 524 1176 lavet,
549 1104 701 1185 applaudit
724 1103 820 1175 turba,
840 1102 980 1184 juventus

163 1239 167 1246 ,
235 1191 357 1255 Ciliciae
380 1191 463 1253 ducit
483 1190 599 1268 gaudia,
624 1189 751 1270 spondet
773 1207 871 1268 opem.

192 1279 282 1342 lason
305 1276 481 1338 adhortatur
504 1277 668 1353 sociosot
690 1276 806 1355 quando
830 1276 930 1336 vocari
1128 1283 1161 1334 35

234 1361 302 1424 lllos
325 1362 484 1440 contingat,
509 1363 636 1440 quisque
658 1369 778 1439 paratus
801 1367 858 1421 eat.

193 1448 282 1510 Navis
305 1447 467 1528 perficitur,
491 1463 587 1506 annus
610 1445 712 1506 lmitur
735 1454 765 1507 et
787 1463 857 1506 ecce

234 1531 279 1595 llli
300 1532 446 1594 laetanter
469 1529 683 1610 aggrediuntur
705 1533 774 1591 iter.
812 1530 815 1535 ’

192 1619 343 1698 lmprimit
361 1617 407 1677 his
429 1615 525 1677 Pelias
549 1622 728 1693 constantes
741 1633 814 1685 csse,
839 1615 916 1676 virili

236 1702 360 1764 Pectore
384 1703 569 1780 propositum
594 1703 771 1764 continuare
793 1719 888 1770 suum,
1125 1709 1161 1760 40

192 1787 326 1860 „Pendet
348 1789 379 1848 in
401 1785 457 1847 hoo
480 1805 572 1866 opere
595 1789 692 1848 nostri
715 1787 830 1856 fiducia,
855 1787 932 1846 lama

235 1874 342 1947 Vestri,
366 1870 552 1950 Grajugenae
575 1870 668 1948 gloria
692 1872 825 1948 gentis“,
849 1871 897 1930 ait.

390 2001 505 2057 JASON
523 1999 756 2056 DEPELLITUR
774 1999 850 2056 CUM
868 1999 956 2055 sitis.

191 2113 345 2186 Attinguot
366 2107 535 2186 Phrygiam,
560 2107 668 2168 Simois
691 2107 771 2168 llavit
794 2105 897 2168 obvius
921 2106 990 2179 illis,

235 2196 318 2256 blens
340 2194 405 2260 tuit,
430 2199 463 2252 ut
485 2197 590 2272 portus
613 2190 797 2270 eligerentur
815 2191 867 2253 ibi.

193 2281 311 2342 Ancora
334 2275 503 2358 projicitur,
526 2275 636 2338 saliunt
658 2281 689 2338 in
712 2276 799 2338 litora
822 2277 902 2348 laeti,
1128 2287 1161 2336 45

234 2365 358 2425 bliratur
381 2381 413 2424 se
436 2380 500 2423 rem
524 2371 603 2423 terra
628 2362 728 2422 videre
751 2379 866 2423 novam.
1148 2366 1152 2370 ’

194 2447 430 2511 Laomedonteae
453 2447 587 2508 ascendit
608 2465 712 2509 rumor
734 2449 765 2508 in
788 2465 885 2517 aures,

235 2532 410 2594 Mirandam
425 2531 592 2610 Phrygibus
615 2532 796 2611 applicuisse
818 2540 924 2598 ratem,

192 2617 357 2694 Addicitur,
382 2615 497 2693 populis
519 2616 599 2694 quod
622 2615 709 2695 plena
732 2618 771 2675 sit
793 2624 822 2674 et
844 2617 913 2693 quia
936 2613 1028 2675 sortes

236 2703 301 2763 Sint
322 2699 411 2760 simul
434 2707 464 2760 et
484 2697 618 2777 juvenes,
641 2717 775 2779 quosque
798 2707 919 2776 stupere
942 2697 1032 2758 vides.
1111 2707 1162 2758 „50

192 2787 270 2850 Rex:
293 2782 483 2863 „Phrygibus
505 2783 593 2843 cedet
614 2784 644 2842 in
668 2800 773 2858 magna
797 2783 940 2862 pericula,
963 2783 988 2842 si
1011 2801 1077 2846 mos

235 2871 290 2933 Hic
313 2868 510 2946 increbuerit,
534 2869 586 2948 qui
608 2867 696 2928 modo
720 2869 848 2947 coepit⁴¹,
872 2869 921 2938 ait,

193 2954 337 3028 „Scilicet
358 2963 391 3015 ut
413 2955 545 3022 iuvenes,
569 2954 620 3032 qui
643 2955 739 3013 nutrit
761 2953 892 3023 Graecia,
917 2951 1035 3014 discant

201 3055 206 3066 ’
235 3039 357 3102 Talibus
377 3041 409 3099 in
432 3045 569 3099 nostrum
593 3035 718 3098 naribus
738 3038 784 3098 ire
806 3036 935 3100 solum“.

192 3127 287 3188 lr'atus
309 3126 400 3185 mittit
423 3122 459 3183 ad
482 3130 601 3202 portum
625 3122 725 3183 dicere
748 3122 884 3184 Graecis:
1128 3131 1162 3183 to

212 3211 293 3273 ,Vos
313 3208 398 3289 jubet
420 3226 456 3269 ex
477 3225 571 3285 regno
593 3223 646 3268 rex
671 3224 835 3290 properare
858 3225 923 3268 suo.

195 3296 321 3363 Cedunt,
345 3293 478 3356 Colchon
501 3298 582 3362 eunt,
606 3309 662 3353 nec
685 3290 791 3372 adepta
813 3291 892 3372 pelle
916 3295 1082 3371 quiescunt,

237 3379 348 3440 Navem
372 3376 587 3448 conscendunt,
611 3379 732 3458 propria
755 3385 833 3439 tecta
856 3385 973 3458 petunt.

261 3515 301 3566 57.
336 3513 404 3564 Msc.
424 3513 550 3567 credunt.
589 3569 591 3574 ,
