2574 3976
312 165 336 207 .·
446 169 507 220 nra.
527 143 575 221 v1'.
611 185 637 219 v.
654 167 799 217 aar-488.
1042 166 1103 230 183

136 323 284 400 Coeperat
305 331 334 381 et
356 321 473 381 Priamo
495 322 612 399 signum
635 318 845 400 splendescere
869 321 988 398 nigrum
1028 313 1037 326 ⁴

64 447 70 454 -
180 407 216 466 Et
236 412 351 486 portam
375 404 463 466 turba
484 403 543 484 jam
566 404 701 465 subitura
724 405 812 470 iuret:

136 493 269 552 Antenor
292 489 375 551 duxit
397 493 428 549 in
452 489 529 551 celsa
551 488 657 567 palatia
680 486 842 566 Pyrrhum

180 575 267 635 'luno
289 575 390 634 luerat
412 573 493 634 ierro
516 574 630 635 cinctus
653 573 768 650 etipse
791 569 873 632 lero.¹

135 659 200 720 Non
224 659 296 718 sinit
317 660 432 718 interea
454 658 587 737 Pyrrhus
607 657 742 721 dormire
765 674 949 726 mucronem,
1052 667 1102 715 465

182 743 294 803 Sternit
315 760 389 822 quus
411 741 505 802 media
529 743 676 822 conspicit
697 742 741 800 ire
764 742 821 800 via.

136 826 226 887 lanua
249 825 358 902 regalis
379 833 492 886 temere
515 825 653 887 convulsa
676 824 803 885 tumultu

180 909 393 989 Horrendaque
415 910 511 990 replet
534 912 682 972 anxietate
705 909 836 969 domurn.

137 995 260 1055 Excitus
281 994 317 1054 ad
341 995 496 1074 strepitum
519 995 677 1072 longaevus
700 992 818 1054 anhelat
840 992 875 1053 ad
899 1011 995 1054 arma:

178 1081 265 1140 Arma
289 1079 397 1158 quibus
419 1097 522 1158 pacem
545 1079 671 1139 duxerat
691 1079 756 1156 ipse
779 1078 840 1138 diu.
1053 1085 1103 1136 470

135 1163 277 1225 Armenii
299 1163 417 1224 Priamo
440 1163 523 1223 deest
545 1165 639 1241 copia,
664 1163 748 1241 copia
771 1180 842 1222 vero

178 1248 299 1308 lnsueto
321 1254 437 1326 poterat
456 1245 535 1306 utilis
557 1265 621 1306 esse
644 1249 754 1306 miuus

134 1329 194 1400 Qui
216 1330 322 1391 mediis
344 1338 499 1409 postquam
524 1329 602 1390 videt
625 1332 655 1389 in
679 1328 882 1407 penetralibus
904 1329 1019 1390 hostem

178 1413 315 1490 Remigio
338 1412 434 1484 credit
455 1411 616 1474 devolitare
639 1412 758 1491 pedum.

135 1497 203 1557 blas
226 1496 395 1575 perdiderat
418 1515 532 1576 pennas
556 1497 672 1558 iurante
692 1504 824 1565 senecta,
1052 1507 1102 1556 475
1136 1557 1141 1567 ,

180 1581 299 1642 Furtivo
322 1581 455 1659 graditur
478 1583 622 1660 temporis
644 1599 715 1641 aura
737 1580 823 1659 pede.

137 1665 203 1727 Non
226 1664 314 1742 louge
336 1666 418 1728 stetit
439 1684 489 1727 ara
512 1666 604 1735 lovis;
627 1668 674 1726 vix
698 1666 821 1743 contigit
842 1662 921 1726 illam

179 1749 241 1808 Rex
264 1758 344 1810 ratus
367 1750 468 1810 auxilii
491 1748 601 1810 lercula
624 1750 704 1810 ierre
726 1749 839 1818 lovem:

136 1833 310 1913 Insequitur
331 1833 468 1916 Pyrrhus
491 1834 576 1894 etad
601 1852 682 1894 aram
705 1833 787 1894 crine
810 1843 974 1895 retractum

147 1974 149 1978 .
179 1917 235 1977 Per
256 1919 367 1978 laevam
389 1917 485 1995 rigido
508 1918 627 1997 pertidit
649 1936 719 1979 ense
741 1936 854 1978 senem.
1051 1928 1102 1976 480

135 2002 190 2063 llic
213 2002 281 2062 finis
303 2002 420 2072 Priami,
445 2005 487 2064 sic
510 2003 611 2064 raedas
633 2003 761 2082 turpiter
783 2011 864 2062 actas

180 2086 373 2166 Ledaeaeque
396 2086 450 2147 luit
472 2087 588 2147 exitiale
611 2087 704 2147 neias.

439 2232 627 2302 [axcroxuu
645 2231 800 2300 neman]

140 2353 262 2414 llecuba
285 2363 396 2415 moesta
419 2355 494 2431 iugit
516 2355 711 2432 sequiturque
735 2351 880 2432 Polyxena
903 2364 1037 2426 matrem,
1078 2413 1080 2418 .

136 2503 137 2506 ¹
181 2437 241 2498 lam
264 2439 391 2498 credunt
413 2437 516 2498 ambae
539 2440 719 2504 sustinuisse
741 2454 853 2498 necem.
1133 2437 1139 2450 “

140 2525 256 2582 Aeneas
279 2523 411 2582 occurrit
433 2523 483 2589 eis,
508 2540 525 2581 o
547 2522 619 2582 tiro!
643 2519 741 2601 puella
1052 2534 1101 2584 485

182 2606 240 2666 lsta
263 2612 315 2666 tuo
337 2607 414 2665 vivat
434 2623 568 2675 munere,
593 2614 686 2665 mater
709 2607 764 2677 ait;

136 2689 242 2751 Omnia
265 2690 461 2768 perdidimus
486 2690 689 2752 tantummodo
713 2690 769 2750 vita
794 2691 896 2752 relicta
920 2700 972 2761 est,

179 2772 322 2834 Praebeat
344 2782 376 2834 ut
397 2793 516 2854 sensum
541 2775 755 2851 materiamque
777 2774 861 2836 mali:

139 2910 334 2919 -.a-m..

183 2921 187 2929 ι

202 2976 262 3026 461.
279 2974 381 3040 Margo.
400 2974 593 3040 splendescere
612 2980 725 3039 propter
743 2974 844 3039 ignem,
863 2977 969 3040 nigrum
988 2982 1103 3043 propter

132 3046 291 3107 corruptam
314 3043 501 3096 intentionem.
596 3044 654 3092 473.
672 3042 749 3105 Virg.
768 3041 835 3092 Aen.
854 3043 897 3105 11,
917 3043 975 3094 608.
1025 3077 1027 3081 ψ

341 3116 369 3161 et
387 3110 505 3159 medinm
523 3110 551 3160 in
570 3108 762 3174 penetralibus
780 3108 896 3161 hostem.
953 3169 955 3176 y

133 3179 193 3228 479.
211 3178 287 3242 Virg.
305 3176 373 3232 Aen.
391 3178 428 3240 ΙΙ,
446 3179 504 3228 550.
522 3179 580 3231 551.
598 3177 657 3228 553.

338 3270 370 3280 —
388 3271 420 3280 -·
439 3269 470 3279 -
490 3244 590 3295 ulteris
609 3245 644 3295 ad
660 3245 723 3310 ipse.
741 3248 900 3295 trementem

254 3311 349 3361 Traxit
978 3351 982 3356 .

338 3379 473 3429 solatori
493 3379 591 3444 capulo
610 3383 691 3430 tenus
710 3378 816 3430 abdidit
836 3393 938 3430 ensem.

133 3445 197 3498 481.
216 3445 294 3510 Virg.
311 3446 380 3499 Aen.
399 3447 436 3508 ll,
454 3448 512 3498 555.
531 3445 601 3498 boec
618 3446 680 3498 finis
696 3447 799 3498 Priami
818 3447 946 3504 fatorum.
