2592 3978
454 200 516 251 Lib.
535 199 557 249 1.
593 214 619 251 v.
639 199 783 250 tor-288.

332 380 508 435 ANTENOR
525 379 637 435 REDIT
656 379 705 435 AD
725 378 876 434 TROIAM.

100 471 259 553 'Antenor
281 488 346 548 sine
369 487 455 564 leuge
478 485 580 547 videns
603 504 635 547 se
658 489 771 548 semina
795 487 885 556 terre,

168 575 260 636 Ocius
283 572 319 634 ad
341 572 486 652 Phrygios
509 570 573 631 vela
595 569 714 632 reflexit
736 589 838 649 agros;

126 660 254 722 Enarrat
276 657 403 726 Priamo,
426 655 496 736 quid
520 655 629 717 dixerit
650 654 711 725 ille,
735 657 804 733 quid
826 652 885 725 ille,

169 743 314 824 Quodque
337 740 418 802 dedit
440 741 530 802 variis
551 733 638 801 irrita'
657 740 725 802 vela
748 738 856 802 nothis

126 828 236 898 0rex,
260 825 378 895 adiecit,
402 825 525 903 galeatis
547 841 682 903 pungere
704 824 804 886 verbis

171 911 236 973 Nou
260 912 388 986 timuere
411 916 478 970 tuos
502 915 530 970 et
551 909 706 970 terebrare
729 910 826 971 minis.

128 997 207 1070 Quid
230 997 358 1057 recitare
380 993 477 1064 velim,
502 994 580 1072 quod
602 995 633 1053 in
657 996 738 1056 omni
760 995 819 1055 line
841 991 983 1072 loquendi

169 1075 285 1142 Acriter
308 1097 323 1140 a
345 1078 461 1140 loribus
482 1096 530 1138 me
552 1077 691 1156 repulere
713 1077 784 1140 suis.

126 1165 238 1228 Ulcisci
260 1173 342 1225 certe
364 1161 474 1243 probra
499 1160 565 1222 talia
587 1163 783 1232 consulerem,
808 1165 833 1223 si
1042 1167 1092 1219 265

169 1250 273 1311 Essem
296 1246 414 1308 consilii
436 1265 506 1326 pars
528 1245 675 1325 aliquanta
697 1247 750 1307 tui.

125 1335 227 1396 Litora
250 1349 393 1413 pompose
416 1332 576 1410 tetigerunt
598 1338 710 1402 nostra,
733 1333 849 1410 potenti

169 1418 310 1499 l'rotinus
333 1419 495 1477 interram
516 1412 683 1494 prosiluere
704 1416 791 1495 pede.

129 1503 301 1581 Irrumpere
323 1503 405 1562 lores
427 1499 571 1560 violenter
593 1502 625 1561 iu
648 1499 740 1570 urbis,
763 1498 864 1578 ibique

174 1587 213 1648 Et
234 1603 283 1646 res
307 1593 336 1646 et
357 1591 475 1645 nostras
497 1583 649 1663 diripuere
671 1584 789 1654 domos;
1044 1592 1095 1641 tto

128 1671 273 1733 Occidere
294 1677 410 1748 patrem
434 1668 593 1730 crudeliter
616 1677 703 1746 atque
726 1687 871 1738 sororem,

171 1756 314 1834 Turpiter
336 1752 395 1814 hue
417 1770 513 1831 usqne
536 1753 691 1814 detinuere
714 1760 805 1816 tuam.

127 1839 257 1909 Ludunt,
280 1836 465 1900 subsannant
486 1836 621 1898 imbelles
643 1845 673 1898 et
695 1840 760 1898 sine
784 1837 865 1898 terro

170 1925 242 1985 Esse
265 1924 365 1983 lerunt
388 1939 492 1983 omnes
515 1922 747 2002 improperando
770 1921 911 2001 Phryges.

129 2007 256 2070 Graecia
277 2008 309 2068 ni
331 2007 424 2068 luerit
444 2007 589 2086 Phrygios
612 2014 734 2086 experta
756 2005 882 2067 lacertos
1046 2014 1095 2064 tto
1202 2047 1204 2054 .

171 2089 250 2161 Plus,
274 2109 362 2170 quam
385 2093 577 2163 senserimus
601 2094 791 2170 experiemur
815 2109 875 2152 eos,

130 2177 211 2238 llaec
234 2193 302 2253 ego;
326 2177 352 2234 si
375 2178 443 2253 quis
466 2174 556 2235 habet
578 2174 654 2236 aliud
678 2175 732 2235 sub
755 2183 876 2252 pectore
900 2174 1044 2246 clausum,

174 2259 328 2336 Proierat3
351 2266 385 2319 ut
406 2259 495 2338 digna
517 2276 566 2320 res
589 2278 623 2320 ea
645 2260 724 2320 forte
748 2259 843 2321 cadat.

202 2405 319 2461 DUOES
337 2404 612 2462 OONVOCANTUR
629 2405 767 2460 AUDIRE
785 2405 1019 2466 ANTENOREM.

130 2513 277 2574 Continuo
300 2513 437 2572 Priamus
459 2520 544 2574 vocat
565 2515 778 2594 incommune
801 2511 931 2580 Quirites

172 2597 211 2658 Ut
232 2614 321 2676 super
344 2597 389 2657 his
410 2595 534 2657 verbum
556 2597 651 2675 possit
671 2596 782 2679 habere
805 2603 911 2658 ratum.
1046 2606 1096 2656 280

130 2680 240 2742 Hector
263 2680 348 2742 adest
369 2682 535 2760 fratresque
559 2683 604 2742 sui
628 2681 673 2742 vel
695 2685 746 2764 qui
768 2683 902 2760 generati

172 2765 216 2826 Ex
237 2762 392 2843 illegitima
415 2771 495 2826 sorte
517 2766 602 2826 luere
624 2765 705 2827 duci.

128 2848 282 2918 Anchises,
304 2848 499 2910 Anchisiades
521 2850 631 2930 aliique
653 2849 783 2911 barones

172 2933 350 3003 Adveniunt,
374 2931 483 3012 quibus
506 2941 552 2994 est
574 2951 667 3003 mens,
692 2935 829 3004 valitudo,
852 2933 936 2995 tides.

131 3017 231 3088 Scitis,
255 3019 296 3077 ait
316 3016 463 3090 Priamus,
487 3017 595 3098 quibus
616 3020 702 3079 istam
725 3021 850 3080 Graecia
873 3017 993 3098 probris
1044 3027 1095 3080 285

172 3101 277 3162 difecit
299 3103 434 3180 patriam,
458 3121 513 3162 nos
535 3101 703 3163 tribulando
726 3102 834 3182 palam.

129 3185 205 3248 Dum
228 3186 358 3256 memini,
382 3190 556 3248 meminisse
577 3188 670 3267 pudet
691 3195 813 3268 paterna
836 3189 950 3268 rapina,

172 3271 224 3331 Est
245 3278 331 3349 pater
354 3273 477 3340 occisus,
502 3281 587 3352 capta
609 3271 717 3335 tenella
738 3291 834 3335 soror.

135 3387 332 3396 -——-—-.-—

198 3439 256 3490 265.
267 3437 336 3490 Mso.
350 3443 435 3491 certe.
480 3441 537 3495 269.
548 3456 562 3491 e
575 3401 761 3506 margine'pro
773 3441 901 3494 vilenter.
956 3442 1015 3494 283.
1025 3441 1096 3498 use.

127 3505 325 3558 Anubidiodes.

858 3589 894 3642 2*
