2590 3984
440 203 502 253 Lib.
522 204 574 258 Ill.
611 221 637 255 v.
657 207 803 257 raa—too.

137 355 260 416 Postera
281 353 332 415 lux
353 355 457 416 tacitas
481 365 513 416 ut
534 357 664 433 primum
688 353 802 435 depulit
824 355 953 425 umbras,

180 437 336 517 Depellnnt
359 457 476 500 omnem
501 439 604 500 bellica
628 442 712 517 signo
734 439 859 501 moram.

136 522 211 584 'l'ota
233 541 325 602 super
348 531 442 584 castra
467 523 575 601 clangit
597 541 650 584 rex
664 525 810 585 Graecos:
834 523 887 595 „ili
906 527 1026 586 arma“!
1055 535 1104 583 135

179 605 307 668 Ensibus
328 606 497 685 Argolicum
522 611 652 686 cingitur
675 627 763 669 omne
786 625 889 687 genus.

137 693 306 770 Erumpunt
327 707 439 760 omues.
463 700 495 751 ut
518 699 586 753 eant
608 695 640 752 iu
662 693 786 771 proelia,
809 692 922 762 Troes;

180 778 253 837 Cum
276 793 350 837 cane
373 773 503 837 custodit
524 793 627 837 servus
649 785 679 837 et
701 795 753 838 ava
776 777 864 836 lares,
959 849 961 854 ι

137 860 290 940 Respicies
312 859 414 920 hostes
435 863 519 940 quasi
543 870 643 921 torvos
666 868 745 921 stare
768 861 869 921 leones
1063 921 1065 925 .

179 943 217 1004 Et
238 945 322 1023 quasi
347 943 472 1005 distorto
495 941 608 1005 lumine
630 945 710 1005 serre
733 946 836 1004 ruinas.
1053 952 1104 1002 140

138 1027 319 1106 Clangebaut
340 1026 434 1102 lituis,
459 1028 546 1089 tellus
568 1031 642 1090 irata
666 1027 820 1106 reclangit,

180 1111 297 1190 Ungula
317 1115 502 1192 suppositum
527 1113 614 1174 vertit
636 1115 742 1193 equina
765 1111 871 1174 solum.
938 1155 941 1164 ,

136 1199 260 1274 Agmina
284 1206 476 1267 concurrunt,
498 1197 612 1258 clamor
634 1197 809 1259 conscendit
831 1197 867 1258 ad
891 1205 969 1258 astra

179 1282 256 1342 Aere
280 1297 434 1352 concusso,
457 1290 567 1358 strage,
591 1282 720 1359 fragore,
743 1280 827 1342 sono.

137 1364 278 1426 Telorum
301 1363 426 1427 volitant
448 1367 564 1427 cunctis
587 1384 603 1425 e
626 1364 762 1442 partibus
784 1364 905 1434 imbres,
1055 1355 1126 1424 145⁶
1181 1376 1183 1383 ·

181 1450 281 1511 Contis
304 1458 334 1510 et
355 1447 462 1527 gladiis
487 1467 545 1510 uon
569 1449 657 1511 datur
681 1448 738 1509 ulla
761 1451 855 1528 quies.

137 1534 214 1605 Quot
236 1531 322 1604 mala,
346 1541 419 1611 quot
441 1534 555 1603 caedes,
578 1535 735 1604 fracturas,
759 1532 889 1604 vulnera,
913 1543 1025 1595 mortes

178 1617 257 1680 lllars
279 1615 322 1677 ihi
345 1618 488 1687 conficiat,
511 1620 578 1698 quis
601 1635 759 1679 numerare
781 1620 887 1698 queat?

143 1703 264 1764 Festum
286 1703 418 1763 festucae
442 1701 526 1770 lacio,
550 1704 575 1763 si
598 1701 677 1763 mille
699 1704 796 1764 ruisse

183 1787 302 1855 llixero,
325 1789 350 1845 si
374 1784 465 1847 multa
489 1784 580 1847 millia
602 1787 692 1848 verba
716 1787 788 1848 lero.
1056 1795 1106 1843 150

139 1871 284 1950 Quicquid
307 1872 337 1930 in
361 1869 434 1931 orbe
456 1871 530 1948 legis
554 1869 625 1931 belli
647 1872 792 1950 vertigine
813 1869 934 1938 lactum,

181 1954 275 2034 Hujus
298 1955 334 2015 ad
356 1955 496 2016 intuitum
520 1954 609 2015 crede
631 1955 721 2016 luisse
744 1973 861 2033 parum.

138 2041 270 2118 Corpora
292 2046 382 2099 strata
405 2038 504 2119 jacent
526 2042 556 2100 in
580 2041 733 2117 sanguiue,
757 2042 879 2116 sanguis
901 2037 1042 2107 abundat,

181 2124 340 2202 Sanguinis
360 2126 392 2185 io
414 2125 479 2184 rivo
502 2123 636 2185 membra
659 2133 774 2186 resecta
798 2131 901 2184 natant

139 2209 300 2284 Sanguinis
322 2208 352 2267 in
376 2208 464 2269 lluvio
487 2217 663 2286 merguntur
685 2226 811 2286 corpora
833 2206 934 2274 multa,
1054 2213 1104 2263 155

181 2293 296 2353 llortua
319 2307 396 2368 quae
419 2310 477 2353 non
501 2303 580 2360 suut,
603 2293 654 2354 sed
679 2294 831 2362 moritura,
855 2291 973 2359 cadunt,

139 2376 203 2437 Nox
226 2394 356 2454 pugnam
380 2375 502 2444 dirimit,
525 2377 577 2437 sed
602 2395 666 2437 eam
690 2377 738 2437 lux
762 2386 826 2437 orta
849 2375 975 2449 reducit,
1022 2420 1023 2429 ,

181 2461 245 2521 Nox
267 2462 375 2521 iterum
398 2461 520 2528 dirimit,
544 2459 610 2521 luce
632 2469 753 2540 patente
775 2459 869 2526 redit;

139 2544 238 2606 'l'crtia
262 2562 320 2605 nox
343 2544 463 2612 dirimit,
478 2543 538 2609 sod
561 2547 633 2606 item
655 2543 705 2605 lui
728 2551 791 2606 orta
814 2544 941 2612 reducit,

181 2627 292 2698 Quarta
315 2647 372 2689 nox
395 2629 598 2700 dirimitluee
620 2635 740 2707 patente
763 2627 852 2689 redit.
987 2643 989 2651 ·
1057 2635 1107 2684 too

139 2712 189 2773 Sic
210 2713 323 2794 quinto,
347 2714 390 2772 sic
412 2723 442 2774 et
463 2720 556 2783 seito,
580 2715 624 2776 sic
645 2713 780 2793 septimo,
804 2715 905 2790 sicque

182 2797 301 2867 Octavo,
324 2815 403 2858 nono
425 2799 468 2858 sic
491 2801 580 2859 etiam
603 2799 728 2860 decimo.

139 2881 234 2941 lmmo
255 2879 301 2942 bis
324 2881 440 2942 decimo
462 2893 568 2961 quater
590 2884 671 2945 inter
693 2880 886 2959 multiplicato

183 2965 317 3026 Primum
340 2967 465 3026 cessavit
487 2967 575 3026 eliera
601 2983 699 3044 pugna
723 2966 781 3025 die.
831 3041 833 3047 Ι

140 3049 297 3128 Octoginta
319 3049 439 3127 quidem
462 3050 580 3111 durarit
601 3050 795 3111 continuatim
1057 3053 1106 3104 155

183 3133 248 3194 Non
271 3135 435 3195 intercesso
456 3141 592 3214 tempore
614 3153 713 3214 pugna
737 3132 810 3196 dies

139 3267 342 3280 ...ῃ-Ἦ

211 3335 857 3416 133.”11ρί1011151.1.156.139,151ρ1111111
920 3334 977 3382 141
996 3332 1107 3397 Margor

138 3418 233 3468 pugna
251 3403 289 3467 viJ
283 3402 383 3454 'Lxxx
400 3402 468 3455 dier.
522 3406 579 3456 149.
592 3401 703 3468 Margo:
722 3401 949 3468 porvuladicos
942 3417 960 3450 1.
974 3415 998 3449 e.
1012 3415 1108 3465 porra,

138 3469 546 3522 festucaestreolerissima.
618 3471 783 3521 totnani.
854 3470 911 3520 159.
930 3468 1022 3518 tertio.

1283 3463 1288 3652 t
