2592 3978
438 203 511 272 cis;,
517 204 539 257 1.
574 217 600 260 v.
618 205 762 258 eto-348.

112 363 224 426 Laetus
246 360 277 420 in
301 375 383 419 arma
407 361 474 418 reni
495 376 551 418 nec
574 356 683 431 lentus,
706 373 824 435 semper
847 358 879 416 in
901 355 974 426 istis,

158 446 190 506 Si
211 443 289 504 benc
311 452 339 503 te
363 443 439 512 nori,
462 459 547 504 mens
569 449 633 503 erat
655 449 722 521 apta
746 439 808 502 tibi.

113 529 201 604 Quod
224 536 275 592 tua
298 535 327 588 te
349 530 444 588 virtus
467 529 548 588 iuvet
570 533 601 588 et
622 526 778 606 sapientia,
802 523 892 584 credo

157 614 259 694 Turpe
281 630 337 674 nec
359 619 404 672 est
426 611 478 672 tali
499 606 674 673 credulitate
697 611 771 688 capi.

114 701 240 779 Saepius
262 705 418 776 expertum
442 697 512 757 lacit
535 696 716 776 experientia
739 706 877 764 certum,

158 785 201 845 Ad
224 800 328 845 causas
349 789 434 842 notas
457 773 503 842 est
525 779 661 841 dubitare
683 780 776 843 nolas.

113 868 234 938 Laetus,
258 867 307 935 ait,
332 867 462 934 veniam:
486 883 542 926 nec
565 883 612 925 me
635 861 720 925 labor
741 863 790 923 ille
813 861 957 940 gravabit,

157 953 251 1014 Maior
274 951 311 1012 ab
334 953 434 1012 occiso
456 968 542 1011 mens
564 948 637 1010 mihi
660 949 769 1009 crescit
791 966 854 1007 aro.

112 1037 261 1100 Provocat
282 1035 429 1116 Hespone,
451 1033 580 1114 praedae
602 1033 749 1100 violentia,
773 1038 896 1110 strages,

158 1123 306 1201 Multaque
330 1138 406 1201 quae
428 1121 523 1180 nostri
545 1118 715 1180 sustinuere
738 1115 877 1197 Phryges,

115 1208 149 1268 si
170 1205 277 1286 placet,
300 1204 367 1275 ib0;
390 1202 461 1264 licet
481 1203 556 1264 mihi
578 1220 633 1262 nec
654 1201 813 1281 prudentia
835 1201 944 1262 mentis

158 1291 220 1353 Nec
242 1287 317 1354 mibi
339 1291 378 1350 sit
399 1289 491 1349 virtus
514 1289 657 1367 corporis,
682 1285 732 1347 ibo
755 1293 864 1352 tamen.

113 1375 198 1447 Quae
221 1382 325 1455 potero
348 1374 462 1443 laciano,
485 1372 537 1433 sed
560 1370 786 1452 praemeditatio
807 1387 908 1430 rerum

159 1460 254 1539 Saepe
277 1457 355 1519 bono
379 1475 498 1518 causam
522 1456 662 1517 claudere
684 1457 742 1518 line
765 1454 891 1516 solet.

114 1543 309 1644 Principium
326 1543 476 1621 finemque
500 1543 545 1601 rei
566 1540 727 1620 prudentia
749 1532 863 1620 spectat

159 1627 215 1699 Qui
238 1627 328 1688 nirnis
351 1634 394 1686 est
417 1634 499 1688 tutus
522 1627 595 1686 retia
616 1624 682 1705 jure
705 1623 794 1686 subit.

116 1713 182 1774 Non
205 1719 252 1772 est
274 1713 374 1790 ignota
397 1729 459 1770 res:
484 1717 529 1772 cst
550 1712 694 1788 sapientia
718 1709 849 1780 Graecis,

160 1795 297 1860 Consiliis
318 1794 443 1865 inhiant,
467 1813 538 1856 ense
559 1812 709 1874 manuque
730 1791 828 1855 valent

116 1882 255 1942 Protinus
277 1886 310 1940 ut
332 1887 467 1942 nostrum
489 1886 587 1940 movet
609 1877 667 1940 illis
690 1877 810 1938 dextera
833 1875 954 1947 bellum,

160 1966 227 2028 Non
249 1971 319 2044 puto
343 1966 415 2040 quin
438 1965 538 2043 plures
560 1961 741 2024 auxilientur
764 1963 823 2032 cis;

119 2051 237 2111 Vicinos
259 2049 389 2126 aliosque
412 2049 502 2109 duces
523 2047 711 2128 populosque
734 2045 857 2108 ciebunt

161 2134 330 2196 Occurrunt
353 2131 440 2194 nobis
462 2132 492 2192 bi
516 2133 595 2193 velut
619 2133 696 2193 unda
719 2131 817 2192 maris.

118 2217 209 2289 nude,
234 2217 313 2295 quod
334 2215 454 2279 inbellis
475 2235 530 2296 pro
554 2215 756 2278 dissuetudine
778 2213 849 2276 belli

160 2303 248 2364 Extat
269 2301 365 2363 adhuc
386 2301 466 2372 Asia,
490 2301 637 2362 desidiosa
661 2301 761 2376 quasi3

119 2386 187 2447 Non
209 2387 251 2446 sic
272 2385 405 2464 Europa;
429 2403 547 2465 semper
570 2385 687 2446 sudavit
708 2387 738 2443 in
762 2385 865 2451 armis;

161 2469 271 2531 bellica
294 2471 434 2530 nimirum
458 2468 578 2530 brachia
600 2467 677 2529 bella
701 2469 808 2529 sciunt.

119 2555 194 2615 llinc
218 2555 339 2627 Graecis
361 2553 456 2616 valida
480 2561 549 2616 sunt
571 2571 662 2623 arma,
685 2551 833 2632 probatio,
856 2550 949 2614 multa
1005 2613 1009 2619 ,
1035 2559 1084 2610 ³45

161 2637 272 2700 Classis
294 2641 346 2708 eis,
370 2637 457 2700 nohis
479 2638 582 2702 inclita
605 2635 683 2698 nulla
705 2639 789 2699 ratis.

118 2723 155 2784 at
176 2721 248 2783 licet
270 2723 393 2784 eximias
416 2723 574 2804 protendat
596 2722 719 2784 Graecia
741 2723 830 2792 vires,

159 2807 223 2888 Ibo,
247 2823 305 2887 quo
328 2809 353 2867 si
376 2815 407 2868 tu
431 2826 478 2868 me
501 2814 586 2886 pater
608 2804 776 2884 ire-jubes„

119 2959 323 2969 .-—.--.-.—-

185 3043 243 3095 322.
262 3039 355 3092 Ovidii
378 3045 422 3092 ast
441 3056 475 3091 ex
492 3043 574 3092 Pont.
593 3041 616 3104 Ι,
636 3043 660 3103 1,
677 3043 720 3094 44.
801 3041 860 3092 325.
877 3038 974 3090 ultima
991 3054 1086 3091 versus

117 3123 182 3174 pars
201 3113 244 3159 est
261 3108 360 3173 Virgil.
380 3109 446 3159 Aen.
464 3109 501 3173 11,
520 3110 578 3162 708.
657 3110 715 3160 331
733 3111 776 3161 32.
793 3109 907 3167 Alanus.
924 3107 1085 3160 Anticlsud.

116 3176 180 3226 Lib.
198 3177 227 3226 11
246 3174 283 3240 (p.
301 3177 346 3239 24)
365 3176 413 3226 lin.
432 3177 502 3227 8nb
520 3177 607 3226 infra·
631 3176 747 3240 finisque
770 3177 848 3228 beati
865 3175 965 3228 Gratia
982 3176 1087 3241 prinei·

115 3244 170 3310 piis
189 3258 297 3308 semper
315 3244 464 3322 respondet
481 3243 613 3296 honestis
685 3247 742 3299 333.
760 3243 898 3311 Pamphil
916 3243 1005 3306 XVII,
1025 3245 1040 3294 Ἰ

205 3307 396 3376 Principium
414 3310 550 3377 finemque
570 3311 652 3363 simul
670 3311 848 3377 providentia
867 3315 984 3378 spectat.

116 3379 175 3429 334
197 3377 332 3441 Anonym.
355 3379 453 3430 Nevel.
477 3395 503 3444 p.
522 3381 580 3430 501
600 3379 649 3430 lin.
669 3383 693 3431 2.
775 3381 833 3433 339.
850 3393 948 3430 manus
970 3379 1086 3444 antiqua

115 3445 146 3495 in
162 3446 286 3510 margine
304 3461 388 3511 per„
391 3446 536 3514 citabunt“
556 3445 685 3512 explicat
