2574 3976
441 205 501 254 Lib.
521 207 552 256 V.
581 221 607 291 v:
626 207 768 256 ‘ete-368.

169 359 241 419 Post
263 366 388 418 mortem
411 355 472 418 sola
496 357 571 416 sama
595 367 746 435 superstes
769 360 837 418 erit.

125 442 241 504 Interea
264 449 362 504 tamen
385 443 414 502 iu
438 442 538 502 hostes
561 460 614 502 nos
637 443 748 518 grande
771 444 883 503 lurenti

167 527 251 605 Cogit
274 527 390 588 vibrare
408 522 542 586 'dedecus
565 544 646 586 arma
670 545 769 590 manu.

124 611 246 672 Dixerat
268 621 297 671 et
319 611 426 688 sepelit
448 611 593 688 singultus
615 609 703 670 verba
727 610 884 689 loquentis,
1038 620 1089 668 345

79 689 81 698 ⁴
168 695 293 756 llumida
317 693 488 760 reddiderat
510 695 629 755 lacrima
654 693 737 756 busta
761 696 861 774 patris.

124 779 255 840 'landem
279 789 347 858 post
368 779 454 855 longa
476 782 602 858 suspiria
626 779 710 840 miles
733 779 838 840 ocellis

168 864 323 942 Purpureo
348 867 453 924 transit
477 882 621 942 gausape;
646 873 742 923 castra
765 863 856 924 sauir.

149 1077 414 1148 [rumunnense
433 1077 554 1133 Andos
573 1077 623 1131 AD
642 1077 829 1132 Pacuuium
846 1075 1065 1150 PROVOCAT]

126 1216 231 1279 Ultima
255 1217 304 1278 lux
327 1217 439 1296 gelidas
462 1216 547 1278 coelo
570 1217 733 1279 dimoverat
755 1217 884 1287 dmbras,
986 1245 990 1252 ·

166 1301 275 1363 Pallida
296 1301 356 1379 jam
380 1301 502 1363 turbant
523 1302 620 1364 sidera
643 1301 715 1362 solis
738 1303 821 1379 equi,
1037 1313 1090 1362 350

123 1386 235 1448 Evolat·
248 1386 388 1446 audacter
410 1389 494 1463 quael
517 1389 611 1447 virtus
633 1387 734 1446 lllartis
757 1392 787 1446 et
807 1387 901 1466 Argos

167 1471 314 1531 Provocat
336 1473 461 1531 assuetis
483 1468 669 1532 Penthesilea
693 1470 796 1530 modis

124 1554 216 1634 Cujus
238 1556 410 1615 Amazonica
433 1557 568 1632 sequitur
591 1555 830 1634 vestigiaturma

167 1639 238 1701 Cum
263 1640 381 1700 domina
407 1639 476 1699 belli
500 1639 632 1719 pondera
656 1656 748 1718 prona
772 1641 842 1717 pati.

124 1725 259 1784 Gaudent
281 1724 426 1784 loeminea
449 1724 559 1784 lunatis
582 1727 700 1802 agmina
723 1723 820 1804 peltis,
1037 1733 1087 1782 355

167 1808 199 1868 ln
223 1826 312 1868 eursu
336 1808 424 1869 validi
441 1808 620 1870 delitiantur
642 1809 726 1886 equi;

124 1892 261 1953 Gaudent
283 1901 438 1970 praeterea
461 1892 540 1953 clara
565 1910 697 1972 pugnare
721 1892 840 1962 trinodi,

166 1977 229 2038 Non
253 1978 382 2054 gaudent
405 1979 537 2057 turpise
562 1977 711 2038 maculare
733 1977 812 2056 luga.

122 2061 204 2122 llere
226 2059 407 2122 locustarum
431 2063 531 2137 rideas
554 2081 711 2141 erumpere
733 2061 835 2131 Troes,

165 2145 202 2206 Et
223 2147 306 2226 quasi
330 2146 515 2220 dormierint,
540 2147 683 2208 haetenus
706 2163 771 2206 esse
794 2145 881 2206 leves.
1036 2155 1089 2204 360

122 2227 285 2289 Inclamant
307 2229 438 2300 Danaos;
461 2231 531 2308 quid
554 2229 633 2292 bella
655 2231 771 2306 negatis
793 2232 913 2300 inertes,

166 2315 285 2373 Vestras
307 2316 418 2374 intrate
440 2317 617 2392 repariando
639 2315 731 2376 rates!

123 2396 181 2458 Sed
205 2399 289 2475 prins
312 2400 342 2456 in
365 2407 461 2458 restra
485 2397 649 2459 scribemus
672 2399 775 2458 dorsa:
801 2396 907 2457 raletel

168 2481 310 2542 Telorum
332 2481 404 2558 liget
425 2481 523 2542 mollia
547 2482 620 2542 colla
643 2485 738 2543 stilus.

125 2567 183 2626 Aut
205 2564 371 2626 dormitatis
393 2575 445 2626 aut
465 2567 578 2636 luditis
601 2577 652 2628 aut
674 2569 763 2626 nimis
786 2567 856 2627 estis
916 2580 923 2588 ’
1036 2576 1087 2626 365

163 2650 264 2710 Attriti
285 2649 380 2718 hellis,
405 2649 449 2711 sic
472 2654 541 2730 quia
565 2651 651 2712 dorsa
675 2651 769 2712 datis?

124 2735 165 2794 Ac
189 2752 293 2795 manus
316 2735 428 2796 interea
452 2738 556 2796 eastris
579 2735 706 2814 Trojaua
730 2739 918 2815 propinquat,

164 2817 197 2878 ln
220 2837 356 2898 campum
381 2819 495 2882 Danaos
517 2818 635 2900 garrula
659 2830 846 2881 voce-vocat.

190 3091 248 3139 342.
277 3089 328 3138 cfr.
347 3089 401 3140 loe.
420 3088 546 3139 Gualteri
566 3089 600 3138 ed
617 3091 676 3140 335.
694 3091 734 3140 36.
752 3095 940 3140 memoratum.
1025 3091 1085 3141 346.

122 3155 187 3206 Ood.
201 3155 387 3207 reddiderant.
418 3159 476 3207 349.
495 3155 581 3210 schol.
594 3172 671 3221 gaus.
688 3157 870 3221 manutergio.
906 3157 964 3208 355.
977 3173 1084 3222 mergo:

122 3229 275 3274 Amazones
293 3223 422 3274 ferebant
434 3225 526 3288 peltes
543 3225 571 3274 in
590 3224 697 3276 modam
718 3224 801 3274 lunae
821 3228 959 3276 curvatas.
1026 3227 1084 3281 356,

120 3290 198 3408 {plin
218 3290 301 3408 εοὴοὲ.
315 3293 430 3358 margin.
445 3291 627 3343 delectantur.
679 3293 737 3344 357.
757 3291 817 3342 cod.
831 3292 948 3343 trinode.
962 3290 1084 3344 Goeller.

92 3402 93 3406 ,
154 3373 195 3409 ex.
213 3361 246 3420 V,
263 3361 306 3412 4.

222 3424 345 3476 Puderet
362 3441 428 3490 ergo
445 3427 520 3477 viros
539 3427 621 3479 clava
639 3432 681 3478 ter
700 3428 820 3493 quinque
839 3427 949 3477 trinodi.

119 3495 178 3543 360.
199 3493 258 3544 eod.
275 3489 418 3544 haetenus.
