2590 3984
346 259 350 266 Ι
428 195 490 250 nro.
509 193 558 251 111.
593 212 619 251 v.
639 197 782 248 ror-rso.
842 231 854 238 -

122 336 165 410 lie
188 349 278 427 Mysia
300 345 391 408 rediit
413 348 614 425 Agamemnon
638 365 706 409 curn
729 349 870 410 comitatu

69 506 71 511 ³
165 433 286 493 Militiae
309 431 438 509 grandis,
462 431 598 522 frugibus
621 440 710 510 atque
732 432 814 494 cibis.

172 577 297 634 VERBA
316 578 448 634 PRIAMI
465 577 572 632 Rudis
591 579 641 634 AD
660 579 839 635 HECUBAM
855 579 1037 664 REGINAM.

121 685 195 764 Regi
217 686 320 763 regina
343 692 443 746 votum
467 684 599 747 declarat
619 683 756 748 Achillis:

164 769 197 832 ln
219 787 310 831 renas
332 770 411 830 venit
433 769 510 840 huic,
535 771 576 832 ait
597 769 656 840 illa,
683 771 797 840 Venus;
1043 779 1092 832 760

122 853 153 914 Si
171 855 306 916 societur
328 856 356 914 ei
380 861 429 915 tua
451 861 521 915 nata
543 854 701 933 Polyxena,
726 855 853 934 spondet

166 938 310 1000 Cessuros
332 940 429 1018 patria
451 955 544 1018 seque
567 953 695 1018 suosque
718 943 778 1000 tua.

121 1021 176 1082 lllo
199 1022 334 1092 cedente,
359 1039 428 1084 cum
451 1023 488 1084 de
509 1023 679 1104 potioribus
693 1041 779 1103 ,unus

166 1106 220 1182 sit,
242 1106 349 1184 reliqui
372 1107 488 1176 cedent,
512 1114 635 1188 totaque
658 1107 736 1169 bellu
759 1108 873 1168 cadent.

121 1189 176 1252 Cui
199 1209 268 1252 rex:
292 1209 444 1253 assensum
468 1209 528 1253 uon
551 1191 692 1273 praebeo,
714 1207 773 1252 non
795 1194 864 1273 quia
888 1191 939 1256 tali
1040 1203 1090 1254 765

116 1331 119 1346 ,
164 1274 229 1336 Non
252 1275 330 1337 bene
353 1277 509 1337 conveniat
531 1278 591 1339 lilia
614 1285 717 1338 nostra
739 1279 818 1348 viro;

121 1357 179 1421 Sed
204 1375 280 1436 quae
303 1362 460 1441 promittit,
485 1361 591 1422 ellectu
615 1359 753 1422 claudere
775 1361 885 1430 nescit;

163 1443 322 1506 Promissis
345 1445 428 1506 dives
450 1442 577 1525 quilibet
600 1463 666 1506 esse
690 1451 796 1526 potest.

119 1528 175 1590 Hic
198 1530 292 1599 cedat,
316 1530 483 1609 cedantque
505 1531 567 1598 sui;
592 1527 768 1591 cedentibus
791 1527 850 1590 illis

159 1611 268 1674 'Graeci
292 1631 351 1675 non
374 1613 495 1684 cedent,
518 1617 642 1694 ipseque
665 1611 742 1675 bella
764 1622 895 1676 manent.
1038 1623 1090 1675 ‘170

118 1696 202 1758 udde
226 1696 304 1775 quod
329 1705 374 1758 est
394 1699 542 1769 vitiosum,
567 1699 646 1760 hosti
669 1699 788 1760 tradere
810 1707 908 1760 natam

163 1780 238 1842 Num
261 1799 356 1860 gener
378 1790 464 1863 aptus
487 1785 544 1844 erit
567 1799 642 1852 cras,
667 1784 807 1844 inimicus
829 1783 915 1849 herii

120 1864 237 1927 Reddat
257 1873 420 1946 perpetuae
442 1867 513 1928 belli
535 1868 594 1928 duo
616 1885 728 1929 cornua
750 1869 825 1946 paci,

162 1950 281 2027 Virgine
303 1953 348 2012 sic
370 1953 479 2030 poterit
502 1952 538 2012 ad
562 1969 614 2013 sua
637 1961 702 2012 roto
726 1953 796 2013 frui.

206 2097 351 2152 unimur
369 2097 530 2154 NUNTIUS
548 2099 694 2154 ACHILLI
711 2097 836 2156 VERBA
853 2098 991 2158 PRIAMI.

118 2201 149 2264 Si
172 2220 230 2263 nox
252 2203 339 2281 longa
362 2203 470 2283 quibus
492 2207 636 2266 mentitur
659 2204 763 2274 amica,
786 2205 921 2284 prolecto
1035 2214 1086 2264 775

159 2286 290 2368 Longior
314 2294 360 2349 est
382 2287 464 2357 nulli,
488 2306 576 2368 quern
598 2287 675 2348 levat
697 2285 747 2349 illa
771 2289 869 2349 modo.

117 2371 228 2432 Noctes
248 2372 401 2434 insomnes
422 2371 525 2434 inlelin
548 2371 631 2434 ducit
653 2371 791 2442 Achilles,

160 2455 288 2534 Pervigil
310 2459 427 2517 incusat
450 2457 549 2516 sidera
570 2456 777 2525 tardunimis,

115 2539 153 2600 Et
174 2556 254 2601 nune
276 2538 422 2602 cantando
444 2539 549 2619 longos
571 2539 715 2601 seducere
737 2540 824 2611 soles,
1161 2618 1165 2626 ἱ

159 2624 245 2685 Nunc
269 2624 470 2697 ansemundo,
494 2641 574 2685 nnnc
596 2625 753 2686 recitando
776 2625 881 2689 studet.
1032 2635 1083 2688 ‘180

115 2707 220 2769 Stabat
241 2709 298 2770 lixa
320 2709 395 2780 dies,
418 2709 570 2789 mediique
592 2710 746 2771 cacumine
768 2709 844 2772 coeli

159 2791 209 2854 Sol
231 2799 315 2853 tenet
336 2802 492 2855 aeternum
515 2795 721 2874 perpetuando
744 2795 835 2871 diem.
860 2844 870 2852 ,

115 2875 270 2938 Accelerat
292 2877 436 2940 famulum
457 2881 659 2940 transmittere
682 2879 780 2940 dcuuo
804 2881 891 2940 miles

158 2960 199 3024 lle
220 2960 312 3022 verbo
333 2963 445 3024 Priami
467 2963 579 3024 certior
601 2979 666 3024 csse
691 2961 803 3024 volens.

114 3042 206 3123 Cujus
227 3063 403 3125 responsum
424 3048 566 3128 patefecit
587 3055 620 3107 ut
642 3045 762 3108 llecuba
785 3065 880 3119 servo,
1031 3058 1082 3108 785

156 3128 208 3190 llle
231 3131 326 3191 retent
348 3133 470 3193 domino
492 3129 609 3208 singula
631 3129 720 3191 verba
742 3149 807 3192 suo.

113 3265 317 3276 -—.......-

181 3349 239 3400 tor.
259 3350 318 3402 cod.
336 3352 450 3403 Moesia.
519 3351 576 3404 768.
597 3349 675 3402 ovid.
692 3349 746 3402 Ars
765 3350 857 3416 am.1,
876 3354 928 3403 444

151 3423 154 3430 “
303 3418 443 3471 Pollicitis
463 3420 540 3471 dives
560 3417 678 3482 quilibet
697 3433 757 3470 csso
776 3423 875 3485 potest.

112 3485 266 3535 776.·nullo
284 3485 369 3543 levat.
388 3487 473 3538 schol.
494 3485 660 3538 consolatur.

162 3573 256 3616 Troilus.
330 3604 333 3608 -
860 3573 875 3622 7
