2590 3984
415 157 479 213 Lib.
496 159 533 209 11.
569 172 595 212 v.
614 158 757 208 ott-itt.

301 303 426 358 VERBA
443 303 652 359 PALAMEDIS
670 301 867 362 AMBITIOSI.

104 412 234 489 Coeptus
257 409 294 472 ab
315 407 457 487 agricolis
479 426 604 489 superos
626 409 746 470 devenit
767 408 804 470 ad
827 427 930 472 omnes

145 496 327 558 Ambitiosus
350 494 455 564 bonor,
479 492 568 555 corda
590 493 720 574 superba
742 512 876 556 movens.

103 580 235 642 Moverat
257 577 380 641 ambitio
402 577 598 649 Palamedem,
622 595 731 658 nempe
752 577 873 638 tenendi

145 666 270 744 Imperii
292 669 444 741 sceptrum
468 679 556 724 causa
579 662 741 723 momordit
763 680 841 725 eum.
926 691 943 717 t

102 748 209 811 Verbis
232 754 263 808 et
284 746 372 810 dictis
395 764 499 808 omnes
521 745 626 808 audire
648 748 781 807 volentes
1017 756 1068 805 oso

145 830 197 895 Sic
220 832 255 893 ad
278 832 466 911 propositum
486 839 630 911 provocat
649 831 713 910 ipse
734 849 832 892 suum.
901 907 903 910 Ι

103 917 170 980 Non
192 915 270 977 bene
292 933 343 977 res
365 917 470 994 agitur,
494 917 602 995 inquit,
624 923 690 976 sunt
713 915 812 976 omnia
834 914 925 992 digno

147 1000 206 1062 'lot
225 1007 349 1081 propter
370 1017 512 1080 proceres
532 999 600 1078 jure
622 999 752 1078 regenda
775 1007 863 1061 statu.
905 1067 909 1077 ,

103 1085 213 1164 Reges,
237 1088 325 1164 quire
347 1083 444 1145 solent
465 1084 576 1162 regalia
598 1091 716 1163 sceptra
739 1091 852 1154 tenere,

146 1169 250 1248 Dignis
272 1176 393 1231 ornatos
415 1167 548 1229 moribus
571 1185 636 1229 esse
659 1169 754 1230 decet
1016 1180 1065 1230 685

102 1254 168 1316 Non
191 1259 261 1314 sunt
281 1251 423 1314 laudandi
444 1253 501 1313 nisi
522 1253 707 1324 strenuitate,
729 1250 838 1325 valore,

143 1336 274 1412 Robore,
297 1337 433 1407 consilio,
457 1336 633 1415 dapsilitate,
656 1336 757 1398 duces.

103 1423 149 1484 Sit
170 1439 225 1484 rex
246 1419 397 1493 flexibilis,
419 1422 495 1502 pius,
519 1420 679 1482 exorabilis
701 1415 786 1498 isque
838 1493 842 1498 ⁸

145 1504 296 1584 Subjectls
318 1523 422 1584 agnus,
445 1505 582 1566 hostibus
605 1523 693 1566 ursus
715 1507 781 1566 erit.

102 1591 259 1671 Nunquam
281 1593 466 1669 conspicitur
489 1589 611 1652 meliore
632 1591 764 1669 potentia
787 1607 886 1656 causa,
1015 1599 1066 1649 690

144 1674 239 1746 Quam
262 1675 379 1754 quoties
400 1691 490 1734 vanas
512 1692 571 1735 non
594 1677 667 1735 sinit
687 1692 753 1736 esse
774 1691 891 1754 preces.

105 1760 150 1820 sn
172 1762 409 1837 circumspectus
430 1775 493 1828 rex,
516 1759 745 1838 circumspectio
766 1759 861 1836 regis:

143 1843 265 1906 Famam
288 1842 375 1904 laude
398 1842 502 1922 replet,
525 1845 628 1903 resin
650 1842 766 1904 bonore
789 1848 880 1904 tenet.

101 1927 178 1990 Num
202 1926 273 2007 quid
297 1944 352 2005 ego
375 1936 478 1989 nostro
500 1924 606 2008 loquor
627 1927 678 2012 bic
692 1944 748 2008 pro
768 1926 905 2006 principe
920 1926 1064 1988 verbum?

144 2011 210 2074 Nou
233 2011 340 2073 datad
363 2012 459 2074 oldaia
477 2010 596 2090 *singula
619 2028 707 2092 posse
730 2029 827 2074 suum.
1014 2020 1065 2071 τοο

101 2095 160 2158 Sed
182 2097 281 2157 minus
304 2101 349 2157 est
370 2096 458 2157 docto
480 2096 550 2176 quid
573 2096 706 2174 prodest,
729 2095 809 2177 quod
831 2097 911 2173 gerit
932 2104 1014 2157 extra

149 2173 268 2242 Grande
290 2179 494 2259 supercilium,
517 2181 569 2260 qui
590 2179 666 2241 nibil
688 2182 768 2242 intus
790 2177 889 2241 babet.

101 2264 237 2343 Regnum
261 2261 412 2344 dilapidat.
435 2265 486 2345 qui
507 2281 633 2344 regnum
657 2264 779 2326 rudibili
801 2263 860 2332 dat.

145 2347 199 2410 Est
220 2351 330 2410 vestire
352 2348 456 2412 sudem
479 2359 596 2430 sceptra
618 2358 722 2410 tenere
743 2348 860 2410 rudem.

101 2433 183 2494 Adde
206 2432 284 2514 quod
307 2451 343 2494 cx
365 2431 466 2494 multis
487 2449 628 2513 proceres
649 2431 822 2512 regionibus
843 2431 960 2503 adsunt,
1014 2443 1064 2492 too

144 2517 275 2597 Cumque
298 2536 353 2579 suo
374 2520 456 2580 venit
477 2520 572 2597 patria
594 2535 731 2598 qrraeque
753 2517 838 2578 duce.

101 2601 267 2679 lugenium,
290 2620 353 2672 cor,
376 2600 541 2672 consilium,
563 2603 682 2664 virtutis
703 2619 827 2664 acumen

143 2684 300 2756 Quaelibet
320 2704 337 2747 a
359 2688 483 2768 proprio
505 2687 585 2749 natio
608 2688 727 2766 quaerit
747 2687 832 2748 bero.

101 2767 275 2832 Consentire
298 2773 390 2848 magis
411 2770 443 2831 hi
464 2769 650 2834 delectantur
671 2772 702 2832 in
723 2789 815 2832 unum

143 2855 166 2916 t
189 2856 306 2916 cunctis
329 2854 468 2926 dandum,
491 2874 580 2935 quam
602 2857 738 2934 reperire
760 2854 871 2917 datum.
1015 2864 1065 2914 710

99 2936 153 2998 llis
174 2938 274 3000 verbis
296 2938 398 3002 allexit
420 2958 481 3009 eos,
504 2939 676 3019 studuitque
697 2939 869 3018 frequenter

167 3191 228 3241 676.
245 3189 380 3256 Margiois
397 3191 484 3243 schol.
519 3193 577 3243 Iste
594 3190 760 3242 Palamedes
779 3190 852 3242 filius
875 3197 935 3242 erat
952 3191 1065 3257 Nauplii

99 3256 150 3307 lilii
167 3259 297 3323 Neptuni.
365 3259 416 3310 684
434 3275 476 3325 sq.
505 3259 662 3310 conferatur
685 3259 810 3310 Gualteri
832 3258 989 3314 Alexandr..
1016 3259 1065 3308 nbi

99 3323 170 3376 libro
206 3325 293 3391 primo
323 3325 489 3378 Aristoteles
523 3325 619 3378 cilicia
651 3327 727 3392 regis
755 3325 911 3376 Alexandro
941 3325 1063 3391 exponit.

98 3393 158 3443 666.
178 3391 312 3444 laudanti.
380 3395 439 3446 696.
468 3394 629 3460 emargine
651 3409 701 3458 pro
724 3395 876 3460 potentiue.
944 3395 1004 3445 690.
1022 3393 1063 3447 at.

98 3460 179 3511 ovio.
198 3475 214 3510 e
230 3459 312 3512 Pont.
331 3461 367 3519 ll,
385 3464 410 3522 9,
430 3463 471 3515 lb.
491 3463 532 3514 16.
609 3463 669 3512 608.
694 3477 812 3526 emerg.
830 3476 879 3526 pro
898 3460 956 3512 uod.
974 3460 1063 3510 bomo.
