2574 3976
197 247 260 312 194
502 251 563 300 usn.
583 250 629 300 vr.
664 266 691 301 a.
712 251 854 304 rea—err.

198 403 306 464 Aeolus
328 405 443 464 interea
468 402 574 462 tollens
597 400 632 460 ad
657 401 752 462 sidera
776 399 885 461 fluctus

240 489 421 549 Graecorum
443 487 558 548 ratibus
582 488 666 546 triste
689 486 820 545 minatur
842 501 933 552 onus;

198 573 344 634 Densatur
367 571 481 632 coelum
504 572 570 650 pice
593 571 715 647 nigrius,
739 570 852 647 ingruit
874 569 979 638 imber,
1118 579 1173 629 785

240 655 311 718 Vela
333 653 509 735 procellosis
532 653 713 735 dejiciuntur
737 655 830 732 aquis.

196 741 319 802 Inchoat
341 739 492 802 horrendo
516 740 635 800 misceri
658 755 811 798 murmure
834 745 951 816 pontus,

240 826 333 887 Nauia
356 824 542 903 gubernandi
565 823 677 902 grande
699 821 857 903 perhorret
880 841 964 902 opus.

197 910 259 971 Nec
282 928 374 980 mora,
398 909 558 987 diffugiunt
580 917 610 968 et
633 916 711 968 vasta
734 923 789 984 per
812 925 941 987 aequora
964 913 1100 979 currunt,

242 995 393 1075 Saevaque
417 989 587 1072 spumantes
610 992 742 1054 concutit
765 1009 835 1052 aura
859 1001 956 1062 rates3
1113 1001 1167 1050 tac

196 1079 363 1142 Locrorum
386 1077 490 1140 classis
511 1077 675 1138 immitibus
698 1075 805 1137 obruta
828 1078 923 1138 ventis

241 1163 400 1240 Frangitur
422 1163 451 1222 ln
474 1161 571 1222 medio
595 1160 760 1221 delucerata
782 1162 868 1231 irato,

197 1247 259 1308 Nec
283 1251 352 1308 satis
375 1247 486 1307 insanis
509 1246 654 1324 estquod
677 1247 874 1322 confringitur
897 1246 991 1312 undis.

239 1331 308 1393 Plus
331 1349 422 1402 mare,
446 1333 495 1392 cui
518 1333 623 1410 parcit,
647 1331 783 1390 fulminis
804 1332 872 1408 igue
895 1333 984 1408 perit.

197 1417 260 1478 Rex
283 1416 353 1495 ajax
378 1417 474 1476 videat
496 1433 586 1497 quum
610 1422 705 1476 terras
727 1414 858 1492 undique
882 1411 978 1475 nullas

239 1501 406 1578 Naufragus
426 1502 458 1560 iu
480 1500 586 1560 mediis
608 1498 729 1560 brachia
752 1499 841 1560 lassat
864 1502 959 1578 aquis.

196 1586 291 1647 Littus
313 1593 347 1646 ut
368 1586 497 1646 inveniat
518 1582 613 1645 nudos
635 1585 729 1663 quatit
749 1583 799 1644 ille
821 1581 958 1654 lacertos,

240 1670 344 1731 Exitus
365 1669 415 1730 hic
436 1671 540 1731 lractis
562 1669 715 1749 puppibus
738 1687 803 1728 esse
826 1667 910 1728 solet.

199 1756 304 1816 Cetera
326 1753 413 1816 turba
436 1753 507 1814 licet
529 1752 611 1832 ligno
634 1752 770 1814 tabulave
793 1751 925 1820 uebatur,

241 1840 316 1901 llum
340 1837 418 1900 cadit
440 1839 470 1898 in
494 1837 632 1918 scopulos
653 1836 789 1916 piscibus
812 1855 879 1897 esca
902 1835 999 1898 datur.

200 1922 376 2003 Exemplum
399 1925 514 2002 positus
537 1924 627 1983 animi
650 1924 790 2000 patientis
813 1920 911 1982 Ulixes

240 2009 371 2069 lactatur
394 2007 484 2068 dubio
507 2025 561 2086 per
584 2009 641 2067 dua
665 2004 758 2067 lustra
782 2007 865 2066 mari.

198 2093 325 2171 Insuper
349 2099 444 2152 aetate
466 2102 607 2170 provecta
631 2091 729 2152 clarus
751 2090 788 2150 ab
810 2088 870 2159 illo,

241 2176 295 2238 Cui
316 2174 394 2238 bene
416 2173 582 2246 confiderit,
607 2175 728 2236 vulnere
750 2175 847 2234 iossus
870 2173 951 2256 obit¹

199 2261 337 2324 Cassibus
359 2262 503 2322 intererat
525 2268 554 2322 et
576 2257 719 2328 cladibus,
743 2259 791 2320 bis
813 2259 982 2327 Diomedes,

246 2349 382 2407 Attamen
404 2347 436 2406 iu
458 2347 613 2424 proprium
636 2344 756 2405 devenit
776 2342 826 2403 ille
849 2341 957 2407 locum.

202 2431 379 2491 Idomeneus
401 2431 471 2492 item
495 2447 554 2489 non
577 2447 671 2507 pauca
693 2429 824 2507 pericula
846 2445 951 2506 passus

242 2515 335 2577 lutrat
357 2532 425 2575 cum
448 2515 536 2575 sociis
558 2514 653 2594 patria
675 2520 751 2586 tecta
773 2513 848 2581 snis;

201 2600 326 2660 Devenit
349 2607 377 2660 et
398 2598 515 2668 Nestor,
539 2597 643 2659 solitus
666 2613 846 2676 componere
867 2596 943 2663 lites.

242 2684 427 2760 Extinguens
449 2685 511 2743 irae
532 2683 614 2762 pacis
637 2685 668 2742 in
690 2679 785 2741 imbre
809 2680 905 2750 iaces;

202 2769 246 2831 ad
269 2787 322 2828 sua
345 2769 505 2828 deveniunt
528 2767 615 2828 etiam
638 2767 763 2828 confinia
787 2766 916 2846 quidam,

199 2938 256 2988 783.
275 2937 326 2989 Ov,
345 2938 410 2991 Met.
428 2936 476 2997 IV,
496 2936 554 2988 tor.
571 2938 594 2986 2.

427 3029 459 3038 -
477 3029 511 3038 -
529 3017 664 3068 paresque
684 3001 719 3052 ad
737 3000 829 3051 sidera
847 2997 963 3066 supplex

353 3071 453 3120 Cressa
471 3085 568 3120 manus
587 3069 692 3120 tollens.

200 3140 258 3191 787.
276 3139 351 3204 Virg.
371 3139 439 3190 Aen.
457 3138 480 3201 Ι,
500 3139 549 3189 128

351 3205 462 3256 Interes
479 3221 578 3271 magno
596 3205 706 3256 misceri
723 3218 857 3253 murmure
877 3207 998 3268 pontum.

200 3275 258 3328 795.
278 3273 319 3323 96.
338 3272 431 3324 Ovidii
448 3274 529 3322 Pont.
548 3272 570 3334 1,
588 3275 613 3333 6,
631 3275 673 3326 33.
693 3275 726 3323 34

351 3339 431 3390 Haec
450 3340 526 3404 iacit,
545 3346 585 3401 ut,
604 3339 698 3391 videat
717 3344 784 3390 etc.-

387 3409 546 3472 Nauiragus
563 3408 592 3458 in
610 3407 706 3458 mediis
725 3405 839 3456 brachis
854 3405 946 3470 jactet
964 3406 1054 3471 aquis,

199 3482 289 3526 temen
312 3491 360 3540 pao
383 3476 470 3524 nostri
487 3473 614 3538 ‚‚laasat‘⁴
629 3473 721 3538 jactet
739 3487 842 3538 ponere
865 3473 1011 3524 noluimus.
1107 3472 1168 3524 806.

199 3543 305 3606 Margo.
340 3542 500 3592 Idomeneus
518 3542 623 3591 occisus
643 3542 677 3592 ab
696 3543 826 3602 Hectore,
844 3539 916 3592 alius
934 3547 996 3599 erat
1013 3540 1076 3592 istc.
1144 3551 1149 3558 '
