2590 3984
191 145 247 226 '96
514 165 649 218 murm.
683 181 710 215 v.
730 165 872 216 rao—nee.

249 318 366 378 Eminet
387 316 498 378 indicio
521 315 638 395 prodita
661 316 778 378 tiammo
801 335 864 377 suo.
1126 327 1179 377 730

205 399 316 462 Pallida
339 401 482 462 lurtivum
504 402 597 462 laoies
618 399 790 461 manifestat
814 418 956 468 amorem,

249 486 324 557 Ouid
348 485 459 556 deceat,
484 484 553 564 quid
578 503 646 553 non,
671 502 730 546 non
753 484 833 550 videt
855 484 932 546 ullus
955 503 1048 546 amor.

206 571 271 632 Otia
295 572 403 632 sectari
426 572 534 648 eoepit,
558 585 613 629 neo
637 576 724 648 turpe
746 571 861 648 putavit

250 654 404 717 Palliolum
427 654 529 715 nitidis
550 653 726 732 imposuisse
750 655 851 715 oomis.

206 738 352 800 Pallorem
376 739 475 808 traxit,
498 739 548 798 hio
572 745 617 797 est
639 736 720 797 color
743 745 828 817 aptus
851 739 970 809 amanti,
1126 747 1177 797 735

249 823 359 886 Palleat
382 824 477 884 omnis
501 838 613 899 amans,
637 824 709 882 einis
732 823 841 883 amoris
864 825 913 882 ait.

206 901 308 977 Pallet,
333 907 466 987 quisquis
489 913 576 975 emat,
601 899 703 965 verum
727 925 795 968 eum
812 906 939 986 'palleat
962 924 1048 968 usum

248 992 374 1053 Palloris
397 992 519 1052 minime
541 988 652 1068 palliat,
676 991 768 1052 immo
790 992 879 1068 palat.

252 1221 429 1278 ACHILLES
447 1220 575 1275 ΜΙΤΤΙΤ
594 1220 767 1276 NUNTIUM
785 1221 836 1274 AD
856 1221 1035 1277 HECUBAM
1051 1222 1123 1280 PRO

477 1304 653 1360 GONIUGIO
671 1304 903 1404 POLYanAn.

205 1447 271 1510 Nox
293 1456 357 1507 erat
380 1463 438 1506 una
461 1447 526 1504 viro
549 1445 840 1506 ourarum'maxima
862 1448 972 1516 nutrix,

249 1531 314 1601 Quo
336 1547 401 1590 rem
423 1530 559 1599 divertat,
584 1529 693 1605 cogitat
716 1539 746 1588 et
767 1529 838 1607 quid
858 1537 939 1606 agat.
1124 1539 1177 1588 ‘140

206 1617 285 1677 llino
307 1614 424 1674 cuidam
447 1631 552 1692 puero,
577 1630 661 1672 rneus
685 1613 720 1672 ad
743 1610 817 1683 looa,
841 1632 917 1691 quae
940 1613 995 1674 tibi
1018 1610 1093 1685 dico,

248 1699 373 1760 Nuntius
396 1706 468 1767 esto,
493 1697 597 1757 refert.
643 1694 742 1775 Phryx
765 1706 829 1758 erat
851 1698 901 1758 ille
925 1715 1008 1777 puer.

205 1783 281 1845 llion
304 1783 482 1860 ingrediare,
506 1781 562 1849 dic,
587 1779 720 1840 Hecuba!
743 1789 875 1842 moestus
896 1781 1027 1845 Achilles

238 1868 286 1928 Se
309 1867 407 1927 lundit
429 1864 564 1944 genibus
589 1882 606 1923 o
630 1867 789 1941 generosa!
812 1868 880 1927 tuis.

206 1951 287 2012 lllius
310 1957 440 2012 mentem
463 1952 592 2010 lormosa
615 1948 763 2028 Polyxena
787 1958 914 2029 torquet,
1028 1962 1030 1966 ’
1124 1959 1175 2013 745

249 2036 332 2096 Hane
355 2033 413 2095 sibi
436 2032 576 2112 conjugio
598 2033 745 2114 supplicat
766 2033 816 2095 ille
839 2035 913 2096 dari.

206 2119 288 2190 Quae
310 2118 524 2194 sioontigitur‚
548 2121 717 2196 praesentia
739 2120 853 2196 proelia
876 2126 975 2198 ltonet,

251 2203 384 2282 Cumque
408 2221 462 2264 suo
485 2201 596 2281 populo
619 2204 739 2282 propria
762 2212 839 2265 tecta
860 2212 953 2283 petet.

205 2287 348 2367 Exemplo
371 2285 422 2347 tali
444 2286 549 2364 reliqui
573 2286 727 2348 discedere
750 2286 879 2350 discent:

248 2372 352 2433 Finem
376 2374 418 2432 sic
442 2373 537 2432 omnis
561 2370 723 2432 obsidionis
745 2379 843 2449 agent.
1123 2381 1175 2434 750

206 2457 316 2517 Servus
339 2463 370 2516 ut
394 2454 528 2516 ediderat
550 2460 723 2525 commissam
746 2464 908 2525 revertere,
932 2453 1005 2518 dieit
1082 2475 1085 2484 ’

247 2539 379 2611 Hecuba,
403 2558 471 2600 oum
495 2540 614 2600 Priamo
636 2550 702 2601 vota
724 2540 840 2601 librabo
863 2558 926 2605 sua.

207 2625 238 2684 Si
261 2625 371 2686 Priami
394 2641 557 2684 consensus
579 2622 672 2693 adest,
697 2627 870 2695 eonsenti03
894 2626 1034 2705 quicquid

250 2708 362 2768 Dixerit
384 2706 434 2769 ille
457 2705 540 2774 mihi,
563 2706 728 2782 significato
751 2707 815 2768 tihi.

207 2792 317 2854 Servus
338 2789 490 2853 anhelanti
512 2807 656 2869 responsa
680 2800 813 2871 reportat
836 2791 951 2861 Achilli,
1123 2802 1174 2854 '155

247 2878 365 2938 incusat
387 2883 498 2936 tantam
521 2874 666 2954 perrdulus
689 2876 738 2938 ille
761 2895 884 2937 moram.

209 3029 412 3040 -.-..-----

272 3114 330 3164 730.
351 3109 431 3163 ovid.
451 3110 518 3160 Her.
537 3109 603 3169 Xll,
622 3113 663 3166 38.
741 3111 1126 3179 tal.EstPamphil.xL11,
1146 3117 1171 3170 7.

205 3182 262 3232 ⁷32.
283 3178 362 3229 ovid.
381 3179 448 3228 Her.
460 3178 508 3241 lv,
528 3179 586 3228 154.
606 3178 672 3242 quid
690 3179 804 3240 deceat,
822 3195 877 3230 non
894 3181 970 3232 videt
981 3179 1054 3230 ullus
1068 3196 1172 3232 amans.

206 3249 264 3298 733.
283 3247 324 3298 34.
344 3245 423 3296 Ovid.
443 3259 487 3294 ars
507 3262 558 3299 am.
576 3245 598 3308 1,
619 3246 674 3297 734.
695 3250 737 3298 35.
813 3249 869 3299 735.
888 3251 927 3303 36,
947 3250 996 3300 Ov.
1018 3263 1062 3298 ars
1081 3264 1132 3304 am,
1151 3249 1173 3301 1.

205 3316 263 3366 729.
323 3315 399 3372 136.
417 3310 486 3363 eivis
504 3329 552 3378 pro
571 3313 632 3368 eod.
652 3314 749 3378 ciphis.
819 3317 877 3365 739.
896 3316 947 3368 Ov.
965 3316 1077 3367 Metam.
1095 3317 1171 3376 Vlll,

204 3383 246 3431 81.
266 3383 299 3432 82
333 3406 367 3417 -
385 3407 416 3415 -
435 3406 469 3415 -
489 3395 616 3431 curarum
634 3383 753 3434 maxima
771 3384 863 3434 nutrix

357 3448 416 3498 Nox
435 3449 594 3503 intervenit.
