2590 3984
186 177 230 277 84
490 214 553 264 nie.
572 213 624 264 111.
658 229 685 263 v.
703 214 846 264 aaa-mo.

188 367 289 428 lufaus
311 385 380 428 vcro
404 372 493 446 caput
515 365 551 426 ad
575 368 679 426 matris
701 375 824 444 pectora
846 365 946 436 flectit,

232 451 341 530 Effugit
363 451 496 512 insolitas
520 468 572 510 cor
595 448 710 527 puerile
733 467 846 510 manus.

190 537 322 614 Cumque
344 535 452 596 tenella
475 543 561 612 pater
581 553 674 613 ‚parvo
698 534 783 594 daret
805 533 920 604 oscula;
945 533 1047 612 patris

232 620 355 691 Quando
378 622 422 680 vir
445 619 548 686 fueris,
572 619 613 678 sis
635 620 776 687 imitator,
800 619 850 678 ait.

190 705 381 784 Propositum
405 712 488 764 tenet
509 703 559 764 ille
583 711 690 770 tamen,
714 700 784 763 licet
807 708 885 763 esset
905 703 1039 772 inermis,

232 790 264 849 ln
289 789 401 850 medios
424 788 523 848 hostes
545 785 604 864 jam
627 787 760 847 ruiturus
783 795 855 848 erat.

190 873 288 953 Ejnlat
309 871 525 941 Andromache,
549 873 688 932 laceratis
709 887 809 948 ungue
832 868 947 950 capillis
969 935 971 942 ,

232 956 352 1019 Plancio
375 957 523 1018 foemineo
547 958 677 1016 concitat
699 954 748 1014 illa
773 954 904 1015 domuum.

191 1042 234 1102 td
258 1042 410 1103 Priamum
432 1049 587 1119 properat;
611 1058 664 1099 ren
686 1039 895 1100 invictissime!
919 1037 1035 1111 clamat,

233 1127 325 1203 Regia
348 1123 507 1186 sollicitum
532 1126 608 1184 forte
632 1123 751 1184 tenebat
774 1124 890 1208 herum.

192 1212 266 1271 Sunt
289 1228 355 1270 mea
378 1215 515 1287 suspecta
538 1209 611 1268 mihi
632 1209 756 1278 somnia,
780 1211 904 1268 somnia
918 1207 1051 1277 suadent,

232 1294 342 1356 Hector
364 1303 397 1355 ut
419 1294 468 1353 hic
490 1303 618 1362 maneat,
641 1311 697 1352 nec
720 1293 807 1353 modo
830 1291 907 1352 bella
929 1300 1020 1371 petat.

166 1393 169 1398 ’
193 1379 257 1440 Non
280 1378 363 1438 illum
386 1396 452 1439 mea
475 1376 564 1438 rerba
587 1382 715 1446 movent,
741 1395 800 1438 nou
824 1375 900 1436 filius
923 1376 1029 1437 infans-

237 1463 295 1524 Pro
317 1483 365 1524 me
388 1469 553 1542 prostratus
573 1459 633 1539 jam
656 1464 751 1539 patris
774 1469 841 1521 ante
864 1459 964 1540 pedes.

191 1549 254 1608 Hac
275 1547 338 1608 vice
361 1567 399 1608 ne
422 1555 536 1624 pugnet
558 1547 656 1615 hodie,
679 1564 733 1605 rex
757 1548 877 1624 optime,
904 1544 1025 1604 manda!

232 1635 335 1693 Accito
359 1631 494 1692 Priamus
516 1631 645 1690 Hectore
667 1630 746 1689 fatur
768 1631 820 1689 ita:

153 1785 155 1788 ,
191 1717 224 1777 ln
248 1715 358 1777 bellum
381 1715 470 1794 'froja
494 1716 698 1782 committitur,
723 1722 822 1780 exeam
847 1713 969 1773 Hectori

234 1801 266 1861 ln
291 1808 403 1861 tantum
428 1817 557 1868 maneas,
582 1798 651 1858 nolo
672 1797 750 1876 quod
774 1815 854 1858 arma
878 1797 966 1860 feras.

191 1886 252 1946 Iam
275 1886 376 1964 fragor
400 1901 559 1949 armorum,
581 1882 640 1961 jam
664 1881 776 1942 clamor
798 1881 895 1941 sidera
917 1880 1023 1958 pulsat,

236 1965 351 2030 Cornua
374 1969 588 2045 concrepitant,
611 1984 739 2026 concava
763 1983 831 2026 saxa
855 1972 971 2026 sonant.

194 2053 281 2114 Plani
303 2053 391 2119 lituis,
415 2050 555 2128 clangore
577 2053 660 2128 gravi
683 2050 874 2110 contunditur
896 2067 956 2119 aer,

237 2136 374 2197 Pulsibus
398 2137 564 2196 innumeris
585 2144 666 2195 terra
690 2142 790 2194 coacta
813 2135 923 2194 tremit.

193 2224 216 2284 l
239 2220 342 2300 clypeo
365 2219 487 2299 clypeus
509 2221 719 2296 confringitur,
743 2221 822 2278 ensis
845 2217 881 2278 ab
906 2234 986 2286 ense,

237 2306 323 2367 Confi
346 2313 556 2383 compugnant,
580 2305 660 2380 ligna
683 2303 802 2380 fragore
825 2309 958 2381 crepant.

195 2391 255 2451 lam
279 2388 353 2451 ninii
376 2390 471 2450 audiri
493 2395 609 2468 poterat
631 2389 689 2448 nisi
712 2386 834 2464 clangor
857 2395 886 2446 et
908 2387 1016 2446 horror

229 2474 308 2535 .Cum
332 2477 459 2551 strepitu
482 2472 604 2542 clamor,
628 2490 754 2552 cumque
777 2471 878 2532 lurore
901 2471 1011 2547 fragor.

195 2559 388 2637 Respondere
411 2561 515 2636 nequit
536 2565 581 2618 tot
603 2556 726 2618 vocibus
749 2555 823 2616 echo
845 2556 972 2622 sonoris,
1113 2561 1162 2612 415

238 2642 316 2714 Quot
328 2649 423 2702 sonat
444 2642 474 2700 iu
499 2640 590 2701 rebus
611 2638 718 2700 bellica
741 2639 840 2714 lingua
864 2636 971 2697 modis.

195 2727 344 2787 instaurat
366 2743 477 2785 cuneos
500 2724 681 2785 Graecorum
705 2725 796 2782 turris
817 2720 957 2790 Achilles,

236 2810 310 2889 Ajax
331 2809 445 2870 Locrus
468 2809 495 2868 ei
518 2826 584 2869 cum
609 2807 750 2867 Diomede
774 2819 902 2875 cames;‘

196 2895 340 2956 Provocat
363 2895 499 2971 egregios
521 2892 638 2953 Atrides
660 2894 725 2969 ipse
748 2890 888 2968 Pelasgos

238 2979 343 3040 Fortes
366 2997 398 3039 se
421 2985 569 3047 sternunt,
593 2976 714 3037 vulnera
738 2976 818 3053 larga
841 2974 946 3036 fluunt.
1112 2983 1163 3032 420

264 3165 321 3218 389.
340 3164 436 3214 matris
456 3178 503 3228 pro
523 3161 583 3214 cod.
602 3161 740 3212 membris.
776 3161 866 3211 flectit
884 3176 933 3224 pro
951 3160 1035 3213 flecti.
1104 3160 1162 3209 407.

197 3246 306 3296 margo:
328 3233 426 3296 Pugna
444 3229 470 3280 X
487 3233 517 3280 in
535 3247 589 3295 qua
606 3228 730 3280 Achilles
749 3228 848 3280 occidit
866 3229 1023 3282 Hectorem.
1059 3225 1164 3276 Similis

197 3299 276 3350 locus
295 3299 422 3350 Gualtari
439 3298 518 3350 Alex.
537 3298 589 3360 ΙΙΙ,
609 3301 621 3346 l
642 3312 701 3362 sqq.

298 3369 358 3418 Iam
377 3367 471 3432 fragor
490 3377 634 3428 armorum,
648 3362 707 3430 jem
726 3370 834 3430 strages
852 3363 954 3415 bellica
970 3363 1059 3415 vincit

233 3453 235 3457 ·
301 3434 467 3500 Glangorom
486 3434 594 3498 lituum,
615 3432 764 3484 subtexunt
781 3437 858 3483 astra
877 3434 1001 3497 sagittae

300 3503 503 3567 Missiliumque
524 3502 653 3566 frequens
671 3501 818 3552 obnubilat
836 3516 902 3552 aera
920 3499 1039 3550 nimbus.
