2592 3978
84 139 94 166 ⁰
194 159 239 223 32
517 161 579 214 nib.
599 161 620 211 1.
641 177 680 211 6.
700 161 842 214 see-ees.

84 389 89 400 ,
197 312 366 392 Conceptus
389 314 484 389 ignes,
508 319 625 390 captato
648 319 801 391 tempere,
816 310 949 389 produnt

240 395 334 457 Ambo
357 394 533 466 revelantes,
557 414 645 476 quam
669 397 707 457 sit
728 405 855 473 uterque
878 396 984 456 libens.
1116 404 1168 454 625

198 480 230 541 Si
251 480 389 541 Paridem
413 480 562 542 studuisse
585 489 694 560 putem.
720 499 775 541 nee
798 478 888 540 eredo
911 479 989 559 quad
1010 495 1121 548 errem,

240 566 298 625 dut
320 562 462 626 Helenam
486 565 619 643 scriptis;
642 564 716 625 hora
739 563 862 625 vacabat
885 567 939 624 eis.

197 647 340 730 Eloquar,
364 650 411 709 hie
434 649 574 725 loquitur,
598 666 658 708 non
682 657 727 709 est
748 647 842 718 loeus,
865 648 963 708 indice
986 647 1123 708 llammae

241 733 278 794 Et
299 735 375 814 plus,
399 751 486 811 quam
509 733 624 803 vellem,
648 736 706 794 iant
731 749 813 792 meus
836 741 917 793 extat
939 749 1037 801 am0r;

199 817 258 878 Sed
281 816 357 878 male
380 817 542 885 dissimulo,
567 820 635 894 quis
658 818 736 877 enirn
761 815 901 878 celaverit
922 817 1022 893 ignem
1114 826 1167 876 660

241 900 367 962 Lumine
390 903 442 981 qui
464 919 584 980 semper
606 901 742 980 proditur
764 904 829 980 ipse
851 918 916 963 666.

198 987 241 1046 ’16
265 992 342 1064 peto,
367 1002 455 1064 quarn
479 987 593 1064 pepigit
614 987 690 1046 lecto
715 986 812 1046 Venus
834 986 937 1045 inclita
961 991 1072 1054 nostro,

242 1068 284 1130 Te
307 1071 391 1148 prius
415 1071 521 1148 optavi,
547 1086 634 1145 quam
657 1069 730 1129 mint
753 1079 822 1129 nota
845 1068 934 1130 lones.

198 1153 239 1214 Da
263 1153 337 1212 mihi
360 1159 398 1219 te,
422 1171 498 1230 quae
520 1154 558 1212 sit
579 1153 697 1213 Paridis
719 1154 892 1221 constantia,
917 1169 1030 1220 nosces,

241 1237 371 1298 Flamma
393 1239 460 1312 regi
481 1238 616 1299 dammas
637 1239 720 1299 liniet
741 1253 800 1298 una
823 1239 893 1298 mei.
1113 1245 1164 1294 635

199 1321 374 1382 Innumeras
396 1321 487 1404 urbes
510 1329 597 1398 atque
620 1339 711 1382 aurea
731 1329 809 1382 tecta
831 1320 955 1390 ridebis,
1035 1365 1037 1372 .

242 1403 381 1484 Quaeque
406 1423 474 1466 suos
498 1406 578 1468 dieas
601 1406 710 1486 templa
733 1407 841 1470 decere
864 1404 947 1468 deos.

198 1490 284 1551 Nune
307 1490 380 1549 mihi
403 1489 444 1550 nil
467 1497 613 1570 superest,
638 1491 695 1550 nisi
717 1499 756 1560 te,
780 1490 919 1559 formosa,
943 1489 1077 1568 precari;

241 1572 447 1654 Amplectique
469 1583 544 1643 tuos,
569 1576 595 1634 si
616 1575 740 1653 patiare,
762 1573 864 1652 pedes.
1136 1575 1141 1582 “

198 1659 257 1718 dut
281 1675 335 1735 ege
358 1657 488 1736 Sigaeos
504 1667 645 1738 repetam,
670 1666 699 1717 te
722 1656 858 1736 conjuge,
881 1664 1001 1735 pertus:
1082 1660 1085 1665 ’
1114 1665 1165 1716 646

241 1745 299 1802 Aut
321 1759 375 1819 ego
399 1742 543 1802 Taenaria
567 1750 710 1819 contegar
732 1742 799 1803 exul
823 1742 923 1802 lrumo.

197 1826 295 1887 Ausus
318 1844 358 1896 es,
381 1825 431 1887 illa
454 1826 556 1896 refert,
581 1829 733 1886 temeratis
755 1826 866 1886 advena
890 1827 985 1886 saeris

242 1909 417 1986 Legitimam
441 1917 549 1990 nuptae
572 1909 735 1971 sollicitare
758 1911 866 1971 tidem?

199 1992 262 2053 Hoc
285 2011 367 2070 rugo,
392 1993 560 2054 dissimules
583 1995 640 2054 nisi
663 2002 694 2055 tu
716 1994 864 2056 desistere
887 1993 967 2062 velis,

242 2071 299 2136 Sed
323 2095 378 2137 eur
401 2077 546 2139 desistas?
569 2077 757 2140 dissimulare
779 2085 873 2159 pates.
1113 2085 1163 2135 646

122 2161 127 2181 ²
200 2161 295 2232 Quam
317 2161 426 2221 multos
449 2162 546 2223 credis
566 2162 690 2242 juvenes
712 2169 824 2241 optare,
848 2163 930 2241 quod
951 2168 1045 2240 optas,

242 2241 298 2313 Qui
321 2246 449 2316 videant,
473 2248 574 2307 666166
598 2265 635 2308 an
658 2247 724 2306 Pari
747 2248 826 2307 solus
849 2245 961 2307 habes?

199 2328 243 2389 dd
266 2347 401 2408 possessa
424 2330 506 2391 venis
528 2339 746 2411 praeraptaque
769 2330 875 2408 gaudia
899 2347 984 2389 serus

242 2413 316 2494 Spes
338 2421 389 2476 tua
410 2413 488 2476 lenta
512 2415 580 2476 luit:
605 2415 684 2496 quod
708 2416 794 2493 petis,
817 2415 892 2476 alter
914 2413 1014 2474 habet.
1039 2423 1041 2426 ’

266 2631 325 2682 628.
344 2633 387 2684 29.
405 2630 456 2684 06.
474 2630 587 2684 Heroid.
607 2631 681 2693 XVI,
699 2634 724 2682 3.
741 2633 758 2680 4

292 2697 434 2815 Essoquleri
453 2713 490 2748 an
507 2698 632 2748 flammae
651 2713 706 2748 non
725 2703 769 2748 est
786 2712 856 2763 opus
873 2697 966 2749 indice
984 2703 1067 2753 notae

334 2769 424 2830 tpus
443 2769 495 2815 ete.

198 2833 257 2884 630.
276 2834 317 2884 31.
336 2831 386 2884 06.
405 2832 568 2893 Her.XV1,
593 2833 616 2883 7.
635 2833 660 2884 8.
729 2833 788 2884 632.
806 2835 846 2884 33.
868 2832 918 2886 06.
936 2833 1003 2886 Her.
1021 2831 1100 2893 XVI,
1120 2835 1162 2884 36.

199 2901 241 2952 36.
264 2899 337 2950 lecto
359 2900 468 2966 pepigit
484 2900 517 2955 V.
535 2915 631 2951 auree.
718 2901 777 2950 664.
796 2901 836 2954 36.
857 2898 939 2951 0616.
958 2899 1072 2950 Heroid.
1090 2899 1163 2964 XVI,

199 2968 257 3020 161,
275 2969 317 3016 62.
387 2968 445 3022 636.
465 2966 530 3018 (lod.
554 2984 613 3031 66,
637 2983 687 3017 nos
711 2971 796 3033 etque
818 2966 932 3019 secund.
951 2967 1032 3017 0616.
1050 2967 1163 3018 Η66616.

198 3033 271 3098 XVI,
292 3036 349 3084 177.
417 3037 474 3086 636.
493 3037 534 3090 37,
557 3033 621 3086 ibid.
639 3035 718 3097 XVI,
738 3037 795 3086 177.
817 3038 874 3087 178.
943 3036 1002 3085 638.
1021 3037 1063 3086 36.
1082 3034 1163 3090 0616.

197 3101 310 3152 Heroid.
328 3101 401 3164 XVI,
420 3103 479 3156 269.
497 3104 555 3154 276.
624 3104 682 3153 646,
700 3105 742 3157 41.
758 3101 830 3153 1616.
847 3103 905 3152 273.
923 3101 981 3154 274.
1004 3100 1102 3167 Margo
1120 3117 1164 3152 ex·

197 3167 286 3234 plicet
304 3168 359 3233 Sig.
378 3185 429 3234 per
444 3168 593 3232 Trojanos,
611 3170 750 3220 Taenaris
768 3179 817 3234 per
835 3166 964 3220 Graecia.
1045 3171 1104 3222 642.
1122 3171 1163 3222 46.

198 3235 279 3288 0616.
295 3235 410 3288 Heroid.
428 3237 515 3296 XVII,
534 3241 558 3292 3.
576 3238 601 3288 4.
654 3238 714 3286 644.
732 3238 773 3291 46.
792 3237 842 3287 06.
861 3236 928 3286 Her.
947 3234 1037 3301 XVII,
1052 3237 1107 3287 161.
1121 3238 1165 3302 ut,

197 3304 402 3369 praeterquod
420 3308 468 3356 161
499 3306 534 3356 At
552 3308 582 3354 tu
600 3303 757 3354 dlesimule:
776 3304 831 3354 6161
849 3303 874 3354 61
890 3303 1023 3355 desistere
1039 3304 1137 3364 meris.

198 3372 256 3426 646.
275 3373 316 3426 47.
340 3373 383 3421 Ex
400 3372 480 3423 Ovid.
499 3372 564 3422 Her.
582 3370 669 3431 XVII,
689 3373 731 3424 99.
752 3372 801 3423 100
819 3371 925 3426 eredes.
944 3371 1064 3434 sapient.
1082 3372 1163 3424 Paris

198 3452 276 3490 unus.
363 3441 421 3494 646.
439 3442 482 3490 49.
501 3440 551 3496 06,
571 3438 636 3490 Her.
654 3437 744 3499 XVII,
763 3441 822 3490 107.
841 3441 899 3494 108.
