2592 3978
196 203 286 252 xvffl
606 189 760 243 Praelatio.

212 367 216 376 ¹
278 339 309 418 3)
346 339 394 400 iol.
432 338 619 410 8152-1602
657 343 758 404 noster
788 345 922 407 =troilus.
978 343 1057 406 llaec
1091 343 1163 422 lolia

195 431 322 488 exeunte
344 426 462 488 saeculo
484 427 600 488 decimo
620 429 709 488 tertio
725 426 908 492 velineonte
924 437 1030 506 quarto
1047 428 1163 490 decimo

194 529 211 572 a
233 509 370 571 manibus
391 509 507 572 duabus
528 512 594 572 iere
616 511 931 592 aequalibusexarata
955 520 1033 574 sunt.

282 593 346 656 rot.
373 591 446 656 taor
473 603 588 657 tantum
621 597 862 675 inscriptionem:
900 597 952 659 lib'
981 605 1043 660 sete
1070 598 1166 658 marie

195 679 316 756 virginis
339 679 369 740 in
392 698 468 740 noro
490 682 673 742 monasterio
695 681 834 759 praebet,
863 682 914 742 lol.
939 679 1015 742 idn
1037 701 1054 744 a
1076 684 1165 744 tertia

194 781 285 825 manu
313 763 456 844 scriptam
477 763 590 842 glosam
619 765 655 826 ad
684 763 736 828 lib.
763 765 816 837 Vl,
845 785 872 826 v.
895 763 974 836 889;
1006 765 1059 828 iol.
1091 763 1166 826 161¹²
1261 829 1262 832 ,

194 865 319 910 vacuum
334 847 385 909 lol.
407 845 468 910 162
483 847 587 910 lolium
602 849 747 926 tegamini
763 849 911 929 adjectum
928 849 1164 914 membraneum.

279 932 392 993 Textus
413 931 509 994 Troili
539 934 673 1010 integer,
701 933 795 996 codex
816 934 880 1014 ipse
902 952 963 996 nen
985 935 1074 1015 plane
1096 952 1165 1014 per·

194 1017 289 1078 lectos
316 1023 371 1077 est.
416 1015 515 1086 Quum
543 1020 623 1078 enim
651 1019 681 1078 in
711 1021 814 1098 priore
842 1027 928 1096 parte
950 1019 1098 1082 librorum
1120 1020 1165 1078 in·

159 1147 161 1151 -
196 1102 384 1180 scriptiones,
401 1102 498 1181 capita
513 1109 601 1181 atque
616 1101 734 1164 litterae
755 1102 888 1165 initiales
903 1105 997 1184 minio
1017 1105 1164 1182 adpictae,

197 1185 381 1262 singulorum
415 1199 555 1248 versuum
584 1185 701 1248 litterae
732 1185 863 1249 initiales
895 1189 991 1250 rubro
1020 1187 1120 1249 colore
1148 1205 1165 1248 a

194 1287 310 1332 summa
340 1286 435 1348 usque
467 1269 505 1330 ad
539 1273 630 1332 imam
659 1273 799 1349 paginam
829 1273 989 1351 insignitae
1016 1279 1098 1342 sunt,
1132 1273 1165 1333 in

194 1362 279 1434 parte
295 1355 398 1424 altera,
422 1355 555 1416 nondum
572 1355 728 1420 desinente
744 1374 835 1418 manu
849 1359 962 1436 priore,
986 1357 1165 1420 miniaturae

194 1437 317 1509 desunt,
340 1457 434 1519 quare
458 1438 610 1502 difficilius
632 1441 729 1518 capita
752 1449 781 1502 et
802 1439 874 1502 libri
895 1443 975 1504 inter
997 1458 1030 1502 se
1051 1439 1165 1500 discer-

194 1532 317 1584 nuntur.
357 1523 571 1602 inscriptiones
594 1531 624 1584 et
639 1524 845 1586 distinctiones
859 1525 1071 1606 supplevimus,
1095 1541 1164 1602 pro·

196 1611 327 1668 oemium
351 1608 541 1685 grammatici
562 1610 657 1686 ignoti
671 1608 804 1671 additum
820 1617 913 1672 estut
929 1616 957 1670 et
972 1609 1054 1688 glosa
1070 1607 1166 1670 ultimi

193 1709 299 1752 versus
320 1693 352 1751 in
374 1693 434 1752 line
457 1691 539 1752 libri.
583 1693 708 1770 Margini
731 1693 846 1755 codicis
868 1694 905 1756 ab
928 1702 1055 1772 utraque
1075 1711 1165 1756 manu

195 1776 319 1838 diversis
343 1777 374 1836 in
396 1774 471 1838 locis
494 1773 614 1838 notulae
637 1777 804 1856 adscriptae
827 1788 905 1848 sunt,
929 1796 1003 1859 quas
1022 1777 1164 1838 exhiben-

194 1860 246 1921 das
268 1877 324 1922 nec
345 1858 542 1938 negligendas
565 1880 631 1922 esse
654 1865 834 1940 putavimus.
872 1862 926 1924 llic
948 1860 1010 1923 illic
1033 1863 1064 1924 in
1087 1879 1165 1922 mar-

193 1947 262 2024 gine
290 1946 466 2024 praesertim
495 1947 606 2022 prioris
633 1947 725 2026 partis
753 1946 893 2024 leguntur
920 1945 971 2008 Or.
995 1945 1029 2008 Ο.
1053 1945 1097 2008 ΑΙ.
1119 1942 1163 2006 Cl.

192 2029 280 2092 Hom.
303 2030 376 2090 Stat.
399 2029 471 2090 Luc.
495 2031 547 2091 Ar.
593 2027 655 2108 Vgl.
680 2021 732 2092 nsi
752 2032 834 2092 Alex.
861 2049 938 2110 quae
961 2032 1045 2109 signa
1070 2029 1163 2090 deno·
1280 2067 1281 2082 ,

192 2122 257 2174 tant
284 2113 453 2184 Horatium,
481 2113 635 2187 Ovidium,
665 2113 750 2176 Alani
773 2114 1046 2180 Anticlaudianum,
1077 2113 1164 2174 Clau-

191 2198 323 2267 dianum,
346 2197 508 2260 Homerum
531 2199 562 2278 (i.
587 2219 613 2264 e.
629 2199 881 2278 Epitomatorem),
905 2199 1042 2266 Statium,
1066 2197 1162 2258 Luca·

193 2301 279 2352 num,
306 2284 467 2352 livianum,
494 2283 664 2362 Virgilium,
691 2285 841 2362 Aesopum
871 2284 899 2360 (i.
929 2301 954 2344 e.
977 2283 1165 2362 anonymum

192 2367 354 2447 Neveleti),
390 2368 523 2430 Goalteri
555 2369 813 2431 Alexandreidem.
858 2368 890 2430 Si
924 2384 985 2428 non
1020 2365 1164 2444 expositio

193 2451 377 2530 grammatici
400 2450 555 2531 cujusdam
579 2454 672 2532 ignoti
694 2454 730 2514 ad
746 2454 865 2515 initium
881 2451 1021 2513 carminis
1037 2459 1067 2508 et
1084 2449 1160 2508 duae

193 2554 299 2598 manus
328 2542 492 2606 exstarent,
526 2538 652 2599 fortasse
681 2546 788 2616 putare
809 2536 916 2598 liceret
939 2533 1164 2597 emendationes

193 2622 223 2681 in
257 2622 391 2701 margine
420 2629 450 2682 et
472 2623 530 2682 'has
559 2628 643 2682 notas
671 2621 708 2681 ab
736 2623 801 2700 ipso
823 2625 909 2699 poeta
934 2619 1062 2695 scriptas
1086 2631 1162 2682 esse,

193 2706 244 2784 qui
275 2705 382 2782 quibus
415 2705 612 2784 scriptoribus
640 2705 846 2783 depromserat
872 2720 992 2770 versus,
1027 2699 1163 2762 indicare

121 2858 125 2860 ,
194 2791 329 2852 voluerit.
373 2791 604 2852 Emendationes
635 2790 751 2850 auctori
778 2790 835 2868 ipsi
858 2785 1034 2848 tribuendae
1057 2784 1160 2846 viden-

194 2881 245 2935 tur
267 2875 432 2936 secundum
454 2891 557 2935 versus
579 2873 631 2934 lib.
656 2873 702 2943 vl,
727 2869 790 2934 693
805 2891 851 2953 sq.

237 2957 356 3030 „Edidit
378 2959 457 3019 huno
480 2965 563 3019 sexto
586 2959 704 3018 linitum
729 2975 832 3018 mense
853 2954 1000 3024 libellum,

280 3043 334 3104 Cui
357 3050 456 3104 tamen
478 3041 535 3103 hoc
558 3049 677 3120 tempus
699 3058 830 3121 syncopa
853 3040 944 3102 multa
968 3037 1044 3100 tulit.

237 3125 375 3188 Correxit
397 3127 553 3206 pigritans.
598 3123 697 3186 Labor
718 3124 776 3193 hio,
801 3143 889 3205 quarn
914 3123 1050 3185 scribere
1074 3119 1167 3200 major

201 3247 210 3256 -
279 3214 316 3271 at
338 3219 493 3271 corrector
515 3213 570 3272 ait:
595 3212 656 3270 sint
677 3217 728 3270 tua
750 3211 776 3270 si
798 3228 856 3289 qua
880 3207 1010 3270 valent.“

195 3294 346 3358 Interdum
381 3294 431 3355 bio
461 3293 507 3356 vel
536 3293 586 3355 ille
620 3297 750 3371 scriptor
784 3295 816 3354 in
846 3295 982 3372 margine
1012 3288 1170 3366 adscriptis

196 3381 276 3440 notis
306 3379 521 3440 lalsocitatur
549 3387 579 3441 et
606 3378 662 3440 sub
687 3377 786 3441 Ovidii
815 3379 937 3439 nomine
970 3393 1060 3454 saepe
1081 3372 1171 3434 Maxi·

198 3465 316 3527 mianus
343 3462 600 3542 (Pseudo-Gallus]
629 3463 804 3543 Pamphilus
824 3470 864 3526 ,et
885 3463 1037 3540 Benlgous
1060 3456 1172 3518 Floria-
