2590 3984
206 197 266 262 102
532 199 594 250 333.
612 200 659 251 IV.
694 216 721 254 v.
740 201 847 254 ro-so.

202 351 277 423 Quid
300 352 380 422 lacit,
405 369 442 412 an
465 352 540 414 iacta
563 353 750 414 1333131333
773 353 913 414 strenua?
937 359 1077 433 quaeret;
1151 373 1152 376 ¹

206 457 209 463 ·
247 435 370 498 Ostendi
394 435 486 498 solem
510 437 641 516 postulat
661 435 712 498 ille
734 436 802 498 sibi.
1139 446 1173 496 2ο

201 522 267 583 1133
290 530 355 582 3331
376 521 455 582 illius
477 524 571 583 virtus
594 520 753 601 aliquando
775 520 899 598 sepulta,

245 605 389 667 Omnibus
413 608 553 668 eximium
576 606 710 668 reddidit
732 605 784 667 ille
804 603 903 684 jubar.

201 690 313 768 Regem
337 686 470 770 pardulo
492 708 642 769 proceres,
667 692 717 770 qui
739 689 853 770 proelia
877 691 966 752 ducat

243 774 386 836 Hostibus
408 782 556 845 occurrat,
579 777 709 853 imperet
731 784 820 854 atquc
842 783 937 853 regat.

201 858 266 929 Quo
290 861 374 939 prius
396 868 440 921 est
457 859 576 938 melius.
622 859 688 920 Nou
713 869 757 922 est
781 877 863 920 mora
886 859 983 926 libera
1006 858 1110 930 nobis;
1138 867 1171 917 25

246 943 349 1005 Nonne
372 945 453 1006 vides
475 944 576 1005 hostes
596 943 656 1024 jam
680 944 937 1005 reserareiores?
1015 965 1018 970 ·
1270 938 1271 952 ¹

200 1028 339 1090 Nondum
362 1031 480 1090 linierat
502 1028 619 1096 Nestor,
644 1030 796 1089 concurrit
818 1031 849 1090 iu
872 1032 970 1106 ipsum

244 1114 355 1175 Coneio
378 1114 546 1175 consilium.
590 1111 686 1173 Verba
709 1114 794 1174 luere
816 1113 939 1175 dueum:
1049 1177 1054 1187 ,

203 1197 246 1258 Sit
267 1216 331 1268 rex,
356 1199 394 1260 sit
416 1199 557 1276 princeps
580 1198 793 1275 Agamemnon,
816 1204 952 1276 tempore
975 1196 1060 1277 cujus

244 1283 356 1344 Graeca
380 1282 537 1344 fruebatur
560 1283 758 1361 prosperitate
781 1283 898 1348 domus.
1138 1291 1172 1340 33

203 1366 257 1426 Η13
279 1385 332 1427 rex
356 1367 491 1446 erigitur,
516 1367 651 1429 diadema
674 1365 797 1438 levatur,
1123 1363 1127 1372 '

243 1450 299 1521 Qui
321 1450 514 1513 laudabiliter
536 1470 589 1513 rex
613 1458 679 1512 erat
702 1461 777 1520 aute,
802 1451 899 1513 datur.

328 1648 485 1704 TROILUS
504 1649 629 1706 FUGAT
649 1648 816 1704 GRAECOS
834 1649 874 1703 IN
893 1647 1042 1704 CASTRA.

199 1791 297 1851 Aurea
321 1790 416 1867 pingit
438 1807 526 1867 agros
547 1790 674 1859 Aurora,
698 1788 835 1850 leruntnr
859 1787 893 1848 ad
918 1807 999 1850 arma

242 1871 396 1944 Dardanus
420 1880 448 1934 et
471 1874 603 1941 1133333;
627 1874 659 1934 tit
681 1890 756 1934 nova
779 1889 870 1934 eausa
892 1875 985 1935 necis.

200 1959 369 2019 Instaurant
392 1958 505 2020 alacres
529 1957 598 2020 belli
621 1957 793 2020 discrimina
816 1957 922 2025 Troes,
1140 1965 1172 2014 35
1274 2027 1275 2032 γ

244 2042 366 2103 Graecis
388 2041 539 2111 insultant,
564 2043 619 2103 hos
642 2044 705 2104 sine
728 2059 800 2120 rege
823 2047 935 2120 putant.

202 2126 330 2188 Troibus
352 2127 493 2189 audacter
516 2129 647 2190 occurrit
668 2145 723 2186 333
745 2128 956 2204 Agamemnon,

243 2211 398 2290 Argolicos
421 2215 541 2280 animat,
564 2213 653 2272 lortia
677 2210 765 2272 eorda
789 2218 879 2271 creat.

204 2295 282 2366 Quid
306 2298 427 2359 moror?
450 2305 620 2371 aecurrunt,
644 2301 836 2364 concurrunt,
861 2292 981 2355 vulnera
1004 2293 1130 2363 findunt,

245 2381 362 2441 Funera
385 2379 537 2459 dejiciunt,
562 2399 593 2443 se
616 2380 810 2458 glomerando
833 2387 982 2458 premunt.
1140 2387 1175 2437 40

204 2464 252 2534 Se,
277 2464 356 2526 velut
379 2467 482 2527 intorti
505 2469 564 2527 sint
587 2465 819 2544 circumcunque
841 2463 949 2542 capilli,

243 2549 385 2610 Elfleiunt
409 2569 500 2612 unum
523 2549 760 2630 perterebrando
783 2548 916 2627 globum.

204 2632 312 2712 Majori
334 2652 391 2713 pro
408 2643 498 2715 ,parte
521 2635 584 2696 dies
606 2636 791 2695 consumitur
813 2633 869 2694 hac
891 2651 933 2704 33,
1003 2694 1006 2699 ,

244 2718 409 2798 Diffugiunt
431 2720 551 2781 tandem
574 2728 673 2795 strage
696 2726 820 2798 parante
842 2719 952 2794 lugam,

202 2802 345 2864 Evehitnr
367 2803 494 2874 Troilus,
519 2811 675 2884 reparatur
697 2819 805 2883 pugna,
829 2801 967 2862 13333133
1140 2806 1176 2858 45

246 2886 385 2958 Vulnera,
408 2896 585 2950 sternuntur
608 2905 736 2966 corpora
759 2886 849 2948 caede
872 2903 956 2964 nora.

203 2971 333 3033 Fortiter
356 2992 371 3033 a
394 2982 479 3053 parte
502 2981 652 3052 pugnatur
675 2979 810 3050 utraque,
834 2970 886 3031 sed
909 2971 1004 3047 Argos

243 3055 394 3136 lnpelleus
416 3057 536 3119 Troilus
558 3059 589 3118 in
612 3074 664 3119 sua
688 3063 784 3118 castra
806 3056 898 3133 lugat,

203 3292 243 3345 19.
261 3294 302 3344 20.
321 3291 372 3343 Or.
392 3293 475 3344 Trist.
496 3293 531 3357 V,
549 3295 573 3354 4,
595 3293 619 3343 7.
639 3293 656 3342 8

321 3361 466 3412 Tristities
484 3375 598 3412 causam
616 3361 640 3408 si
659 3357 720 3422 quis
739 3369 907 3420 cognoscere
926 3354 1034 3420 quaerit

375 3427 493 3479 Ostendi
510 3427 595 3479 solem
612 3425 737 3491 postulat
755 3423 803 3474 ille
822 3423 887 3478 sibi.

203 3495 243 3549 35.
263 3508 370 3559 margo:
389 3510 483 3561 pugno
502 3494 600 3546 XIVa.
