2574 3976
211 175 273 238 134
537 179 601 230 nie.
621 180 653 230 u.
684 193 708 229 v.
729 180 855 229 ai-rco.

209 329 262 389 llis
286 331 420 390 numeris
442 348 475 390 se
498 326 660 390 dissociant
683 331 855 410 sociantque
880 331 1017 400 vicissim,

252 413 327 473 Sunt
349 415 380 473 in
405 415 545 484 amicitia,
569 423 638 476 suut
661 416 781 476 inimica
805 425 915 477 tamen.

209 499 247 559 Et
270 501 403 575 quamvis
427 501 523 578 spatio
545 498 665 567 distent,
690 506 788 560 tamen
812 501 909 560 omnia
935 501 1010 562 fiunt

251 582 398 653 Quattuor
424 601 458 643 ex
482 585 556 653 istis,
580 600 684 644 rursus
706 585 736 650 in
760 586 823 661 ipsa
847 585 965 648 cadunt.
1131 658 1133 664 Υ

211 669 260 729 Sic
282 668 353 728 licet
376 668 453 744 ignis
475 685 581 747 aquam
605 684 723 745 semper
745 670 924 738 contrarius,
948 669 1055 730 humor
1113 725 1117 728 ,

253 751 356 813 Omnis
377 751 533 817 sensibiles
555 769 605 812 res
627 761 711 814 creat
733 760 821 829 atque
844 752 935 814 calor.

211 837 309 898 Altum
333 837 450 898 llamma
473 840 557 917 petit,
581 838 703 916 propior
726 837 808 898 locus
830 855 898 898 aera
922 839 1010 918 cepit,

252 921 401 982 Sederuut
425 922 522 983 medio
547 930 625 983 terra
649 923 820 1000 fretumque
845 921 915 982 loco.

211 1005 249 1066 Se
272 1006 405 1083 graviora
430 1005 528 1068 levant
550 1005 710 1076 lenioribus
733 1014 762 1067 et
785 1006 894 1067 leviora

254 1091 374 1151 raciuca
400 1091 461 1168 lyra
485 1109 537 1170 per
559 1093 695 1169 graviora
718 1098 849 1169 gravant.

209 1173 310 1234 Tellus
333 1176 457 1235 rarescit
481 1179 511 1236 in
536 1179 628 1255 equis.
652 1194 726 1255 aqua
750 1177 783 1236 ut
805 1177 878 1236 levis
902 1193 963 1244 aer,

252 1264 310 1320 Aer
331 1270 520 1339 puruseret,
543 1263 649 1340 purior
671 1261 747 1337 ignis
770 1262 837 1320 erit.

209 1343 321 1403 Ordine
344 1361 488 1406 converso
510 1346 590 1406 redit
611 1345 688 1423 ignis
711 1347 740 1422 in
764 1362 832 1406 aera
857 1345 992 1408 densum.

254 1428 361 1489 Hicin
386 1446 487 1506 aquae,
510 1448 631 1491 rursum
656 1437 734 1489 terra
758 1437 878 1490 creatur
900 1448 985 1509 aqua.

209 1512 251 1577 Ex
275 1511 342 1573 aliis
366 1514 439 1574 alias
462 1522 584 1593 reparat
607 1509 711 1574 natura
736 1516 845 1592 figuras

255 1597 366 1658 Cuncta
391 1616 491 1667 novas,
514 1601 632 1676 species
654 1617 710 1659 nee
733 1617 784 1658 sua
807 1600 916 1677 cuique
938 1608 1047 1667 manet,

208 1681 270 1743 Nec
291 1683 370 1761 perit
392 1685 421 1742 in
444 1691 508 1743 toto
532 1684 703 1762 quidquam,
728 1681 801 1743 mihi
825 1684 947 1754 credite,
971 1684 1097 1752 mundo;

251 1766 309 1826 Sed
334 1765 439 1827 facicm
463 1769 555 1828 variat
579 1776 609 1828 et
630 1777 718 1828 novat
740 1785 806 1830 esse
828 1785 924 1828 suum.

209 1849 305 1920 errim
328 1851 361 1912 lit
383 1869 432 1911 res
454 1851 546 1918 aliud,
569 1871 658 1933 quam
681 1852 759 1931 quod
783 1851 838 1933 luit
860 1860 938 1921 ante,
963 1859 1084 1916 vocatur
1142 1863 1176 1910 95

252 1934 349 2005 Nasci,
376 1935 426 1996 sed
451 1937 568 2016 quando
591 1937 702 1998 desinit
725 1954 799 2006 esse,
823 1937 907 1997 mori.
940 1939 944 1947 ¹

209 2019 302 2079 Totus
323 2020 372 2082 bic
396 2039 417 2096 a
435 2023 552 2082 numeri
574 2023 691 2082 ratione
714 2023 859 2081 retexitur
881 2021 967 2089 ordo,

251 2104 306 2165 llic
328 2104 419 2165 veluti
444 2105 568 2185 pulchre
591 2104 716 2185 pulchra
739 2112 836 2185 tapeta
859 2107 976 2168 docent.

430 2247 670 2340 [pessumum
690 2269 943 2338 insumendis]

208 2374 316 2436 Libera
341 2393 373 2436 se
398 2376 493 2436 studia
518 2375 897 2454 monstraut'septemplice
920 2393 1002 2445 cura,

249 2460 346 2520 lutrat
369 2460 501 2520 Donatus
522 2460 772 2540 subsequiturque
794 2460 887 2529 Plato,

209 2543 333 2612 eretor,
357 2544 570 2614 arithmeticus,
593 2553 754 2623 geometer,
779 2547 918 2614 musicus,
942 2543 1032 2628 Atlas,
1094 2571 1100 2583 =

252 2627 317 2697 Quo
342 2634 442 2688 manet
463 2628 595 2702 allectus,
620 2647 769 2706 quemque
792 2636 925 2710 moratur
948 2647 1032 2708 opus.

210 2710 332 2774 Scilicet
357 2721 401 2774 est
424 2714 548 2790 cupidus
570 2713 734 2774 studiorum
758 2715 884 2794 quisque
908 2732 1041 2788 suorum,

251 2796 366 2857 Ponere
389 2805 530 2858 consuete
554 2803 670 2876 tempus
692 2800 811 2859 iuarte
831 2796 921 2877 juvat.

207 2879 260 2942 His
282 2879 481 2942 subdividitur
503 2881 652 2962 physicus,
675 2884 849 2963 speciesque
871 2882 1010 2944 salubres
1126 2893 1175 2940 105

252 2965 305 3026 llic
327 2975 454 3036 truncat,
477 2966 599 3028 morbos
621 2975 702 3028 sorte
726 2965 770 3027 vel
794 2975 858 3028 arte
881 2968 971 3045 lugat.

276 3201 318 3252 83.
342 3203 384 3250 84.
413 3201 534 3253 Imitatio
554 3202 634 3252 ovid.
653 3203 720 3253 Met.
739 3203 761 3264 Ι,
779 3204 812 3252 26
831 3201 891 3267 sqq.
968 3203 1008 3255 86.
1028 3201 1094 3253 eon.
1113 3201 1176 3254 lire.

209 3269 267 3322 101.
279 3266 344 3318 (lod.
357 3269 537 3320 erismetieus.
557 3270 636 3320 Atlas
655 3285 704 3335 pro
722 3271 906 3320 astronomico
924 3272 1039 3335 positus.
1077 3272 1133 3322 103.
1153 3274 1177 3320 4.

209 3334 260 3388 Ov.
278 3335 358 3386 Pont.
378 3336 400 3396 1,
419 3338 444 3399 6,
463 3340 504 3390 ut.
521 3339 562 3391 36.

311 3402 428 3454 Scilicet
446 3409 488 3454 est
506 3403 621 3468 cupidus
640 3404 792 3456 studiorum
812 3406 928 3469 quisque
947 3419 1057 3456 suorum

346 3470 467 3536 Tempus
486 3475 513 3520 et
531 3471 649 3522 adsueto
666 3488 768 3538 ponere
787 3473 815 3522 in
834 3477 895 3522 arte
910 3471 1001 3536 juvet.
