2592 3978
199 819 429 894 recussus
455 821 509 894 nv
536 791 748 896 10001011
772 819 1010 896 mersum

497 939 717 1014 1001011.

208 1126 241 1186 ln
264 1127 321 1188 hoe
344 1145 437 1206 opere
459 1126 537 1189 siout
558 1129 590 1187 in
613 1125 747 1204 qualibet
769 1145 802 1188 10
825 1137 1012 1208 quaeruntur
1033 1131 1091 1190 tria

123 1209 252 1273 scilicet:
287 1211 372 1291 quid,
403 1213 506 1292 quale,
537 1227 642 1288 quare,
673 1212 704 1273 h.
728 1232 754 1274 e.
786 1217 910 1274 materia
939 1214 1033 1275 forma
1063 1224 1092 1276 et

124 1315 223 1359 eausa.
269 1297 391 1358 Materia
418 1295 527 1358 diffinit
555 1297 626 1376 quid
649 1299 688 1359 sit
713 1315 778 1367 res,
809 1298 902 1359 forma
926 1299 1021 1379 qualis
1044 1300 1090 1369 sit,

123 1389 153 1442 et
172 1383 317 1462 reposita
334 1391 363 1444 et
386 1379 450 1461 eius
471 1380 614 1461 qualitate
638 1399 778 1462 expressa
801 1401 919 1444 eausam
935 1385 1091 1463 positionis

121 1464 223 1530 statim
246 1474 397 1548 exspectat
419 1467 536 1528 animus
558 1466 715 1529 auditoris.
748 1468 872 1538 Materia
887 1465 976 1546 hujus
993 1471 1092 1548 operis

123 1559 168 1614 est
189 1551 352 1634 Trojanum
376 1550 502 1622 bellum,
532 1570 608 1633 quae
637 1570 687 1614 res
713 1555 779 1631 ipsa
808 1553 978 1614 mirandum
1002 1554 1092 1614 efficit

123 1646 153 1700 01
174 1639 331 1701 famosum.
376 1637 513 1700 Diffamat
541 1641 622 1699 enim
651 1635 724 1698 illud
746 1638 792 1699 vel
820 1639 945 1700 infamat
966 1639 1089 1700 fortium

122 1726 300 1795 strenuitas,
329 1723 375 1784 vel
404 1731 436 1783 ut
464 1723 563 1784 verius
591 1722 687 1784 dicam
713 1722 848 1793 fatuitas,
877 1741 995 1802 pugnae
1024 1742 1091 1785 cru·

124 1809 241 1880 delites,
278 1811 445 1871 occisorum
474 1809 689 1886 numerositas,
725 1809 870 1888 temporis
898 1809 1090 1878 diuturnitas,

122 1894 253 1956 incendii
281 1895 465 1964 immanitas,
495 1911 572 1974 quae
599 1889 715 1972 singula
744 1899 905 1970 tanguntur
928 1895 959 1954 in
986 1912 1089 1974 opere.

122 1979 257 2041 Primum
281 1980 410 2059 tangitur
433 1981 465 2040 in
487 1978 532 2040 ll⁰
555 1977 649 2048 libro,
672 1995 772 2057 pugna
793 1977 856 2039 lll⁰
879 1978 974 2041 libro:

186 2065 253 2126 Non
277 2073 342 2126 erat
363 2064 437 2126 haec
460 2079 559 2142 pugna
581 2062 765 2143 pavidorum,
790 2082 859 2124 nam
882 2065 969 2126 simul
992 2081 1088 2132 aeres,

231 2149 343 2220 Fortes,
367 2147 495 2210 audaces
517 2148 565 2209 hic
587 2149 711 2227 periisse
735 2147 834 2221 vides;

122 2251 241 2315 pugnae
264 2233 544 2296 0111101111010110
567 2233 660 2296 libro:

186 2321 240 2382 llic
263 2319 377 2390 rabies,
400 2337 523 2390 rancor,
547 2319 699 2387 fremitus,
723 2318 880 2389 violentia,
904 2318 990 2391 livor,

229 2405 291 2477 Lis,
316 2405 433 2474 odium,
457 2405 571 2476 fervor,
595 2405 739 2483 impetus,
762 2404 822 2474 ira,
847 2403 941 2467 furor.

208 2489 382 2551 occisorum
406 2490 605 2551 numerositas
626 2491 658 2549 in
680 2489 738 2549 fine
762 2487 831 2550 libri
848 2489 992 2568 tangitur,
1016 2507 1090 2569 quo·

121 2592 188 2636 rum
211 2592 354 2636 numerus
376 2574 413 2637 ab
435 2573 623 2636 audientibus
646 2572 841 2644 abhorretur,
865 2573 959 2637 habes
981 2593 1090 2655 nempe

185 2658 324 2722 Millesies
346 2659 426 2721 mille
449 2660 621 2740 permixtim
644 2661 776 2740 quinque
799 2668 934 2722 trecenta

228 2745 266 2806 Et
289 2745 388 2806 decies
410 2755 479 2807 octo
502 2739 583 2806 milia
605 2762 690 2807 caesa
713 2753 795 2826 puta.

119 2830 277 2912 Temporis
298 2829 481 2893 diuturnitas
502 2831 534 2890 in
556 2830 661 2891 ultimo
682 2829 759 2891 fibro
782 2829 914 2909 tangitur
930 2831 993 2891 fere
1009 2831 1090 2890 cirea

121 2918 304 2999 principium
327 2917 358 2977 in
381 2913 558 2995 allegatione
580 2917 711 2976 Aeneae:

183 3003 251 3064 Jam
273 2999 320 3062 bis
342 3001 445 3079 quinta
467 2999 628 3062 revolvitur
651 3007 756 3070 aestas,

229 3086 314 3157 Quod
337 3087 464 3166 patriam
487 3091 547 3146 tota
571 3085 773 3146 commoluere
796 3084 882 3158 mala,

183 3173 220 3234 Et
243 3171 376 3250 glacialis
399 3171 495 3232 hiems
517 3171 707 3252 aquilonibus
728 3179 848 3249 asperat
872 3170 970 3234 undas

227 3259 293 3319 lam
309 3257 417 3318 decies
439 3272 558 3334 pugnae
580 3273 637 3316 nec
659 3255 825 3317 numerabo
847 3257 936 3318 vices.

1 3353 2 3374 f
115 3343 252 3406 incendii
275 3341 443 3404 immanitas
465 3344 546 3402 cirea
568 3343 656 3403 finem
680 3340 751 3402 libri
774 3343 922 3420 tangitur:

183 3429 264 3490 Gens
287 3429 393 3489 victrix
416 3425 535 3488 tandem
557 3417 688 3488 Vulcano
712 3424 850 3488 fulminat
870 3426 987 3500 urbem,

226 3513 320 3577 Nemo
346 3519 404 3574 tam
428 3511 519 3573 latum
542 3511 615 3573 vidit
636 3513 667 3571 in
689 3510 763 3573 orbe
786 3512 902 3584 focum;

849 3614 885 3665 1*
