<?xml version="1.0" encoding="UTF-8"?>
<!DOCTYPE html PUBLIC "-//W3C//DTD XHTML 1.0 Transitional//EN"
    "http://www.w3.org/TR/xhtml1/DTD/xhtml1-transitional.dtd">
<html xmlns="http://www.w3.org/1999/xhtml" xml:lang="en" lang="en">
 <head>
  <title>
</title>
<meta http-equiv="Content-Type" content="text/html;charset=utf-8" />
  <meta name='ocr-system' content='tesseract 3.04.00' />
  <meta name='ocr-capabilities' content='ocr_page ocr_carea ocr_par ocr_line ocrx_word'/>
</head>
<body>
  <div class='ocr_page' id='page_1' title='image "./troilusalbertis02albegoog_0034.png"; bbox 0 0 2592 3978; ppageno 0'>
   <div class='ocr_carea' id='block_1_1' title="bbox 478 202 800 254">
    <p class='ocr_par' dir='ltr' id='par_1_1' title="bbox 478 202 800 254">
     <span class='ocr_line' id='line_1_1' title="bbox 478 202 800 254; baseline 0 -2"><span class='ocrx_word' id='word_1_1' title='bbox 478 203 539 254; x_wconf 86' lang='lat' dir='ltr'><strong>Lib.</strong></span> <span class='ocrx_word' id='word_1_2' title='bbox 558 203 581 252; x_wconf 96' lang='grc' dir='ltr'><strong>Ι.</strong></span> <span class='ocrx_word' id='word_1_3' title='bbox 617 202 800 254; x_wconf 79' lang='lat' dir='ltr'><strong>Prooemium.</strong></span> 
     </span>
    </p>
   </div>
   <div class='ocr_carea' id='block_1_2' title="bbox 152 356 1122 1208">
    <p class='ocr_par' dir='ltr' id='par_1_2' title="bbox 154 356 931 433">
     <span class='ocr_line' id='line_1_2' title="bbox 154 356 931 433; baseline -0.003 -15"><span class='ocrx_word' id='word_1_4' title='bbox 154 356 193 418; x_wconf 91' lang='lat' dir='ltr'><strong>Se</strong></span> <span class='ocrx_word' id='word_1_5' title='bbox 214 357 327 419; x_wconf 88' lang='lat' dir='ltr'><strong>misera</strong></span> <span class='ocrx_word' id='word_1_6' title='bbox 350 357 469 433; x_wconf 82' lang='lat' dir='ltr'><strong>misere,</strong></span> <span class='ocrx_word' id='word_1_7' title='bbox 493 359 604 418; x_wconf 89' lang='lat' dir='ltr'><strong>misero</strong></span> <span class='ocrx_word' id='word_1_8' title='bbox 626 357 797 418; x_wconf 77' lang='lat' dir='ltr'><strong>stimulante</strong></span> <span class='ocrx_word' id='word_1_9' title='bbox 821 357 931 418; x_wconf 90' lang='lat' dir='ltr'><strong>lurore.</strong></span> 
     </span>
    </p>

    <p class='ocr_par' dir='ltr' id='par_1_3' title="bbox 152 440 956 526">
     <span class='ocr_line' id='line_1_3' title="bbox 152 440 956 526; baseline 0 -22"><span class='ocrx_word' id='word_1_10' title='bbox 152 443 210 504; x_wconf 88' lang='lat' dir='ltr'><strong>Per</strong></span> <span class='ocrx_word' id='word_1_11' title='bbox 232 443 359 506; x_wconf 89' lang='lat' dir='ltr'><strong>miseros</strong></span> <span class='ocrx_word' id='word_1_12' title='bbox 382 446 474 526; x_wconf 80' lang='lat' dir='ltr'><strong>Igitur</strong></span> <span class='ocrx_word' id='word_1_13' title='bbox 498 440 599 520; x_wconf 82' lang='lat' dir='ltr'><strong>elegos</strong></span> <span class='ocrx_word' id='word_1_14' title='bbox 622 443 679 503; x_wconf 91' lang='lat' dir='ltr'><strong>hoc</strong></span> <span class='ocrx_word' id='word_1_15' title='bbox 701 443 812 504; x_wconf 92' lang='lat' dir='ltr'><strong>ducere</strong></span> <span class='ocrx_word' id='word_1_16' title='bbox 837 459 956 505; x_wconf 89' lang='lat' dir='ltr'><strong>carmen</strong></span> 
     </span>
    </p>

    <p class='ocr_par' dir='ltr' id='par_1_4' title="bbox 152 529 897 599">
     <span class='ocr_line' id='line_1_4' title="bbox 152 529 897 599; baseline -0.007 -6"><span class='ocrx_word' id='word_1_17' title='bbox 152 531 276 593; x_wconf 80' lang='lat' dir='ltr'><strong>Decrevi</strong></span> <span class='ocrx_word' id='word_1_18' title='bbox 298 531 452 599; x_wconf 89' lang='lat' dir='ltr'><strong>miserum,</strong></span> <span class='ocrx_word' id='word_1_19' title='bbox 476 534 589 589; x_wconf 88' lang='lat' dir='ltr'><strong>sortem</strong></span> <span class='ocrx_word' id='word_1_20' title='bbox 612 529 771 590; x_wconf 89' lang='lat' dir='ltr'><strong>miseratus</strong></span> <span class='ocrx_word' id='word_1_21' title='bbox 794 546 897 589; x_wconf 92' lang='lat' dir='ltr'><strong>eornm</strong></span> 
     </span>
    </p>

    <p class='ocr_par' dir='ltr' id='par_1_5' title="bbox 153 612 1122 697">
     <span class='ocr_line' id='line_1_5' title="bbox 153 612 1122 697; baseline -0.002 -19"><span class='ocrx_word' id='word_1_22' title='bbox 153 617 194 679; x_wconf 87' lang='lat' dir='ltr'><strong>De</strong></span> <span class='ocrx_word' id='word_1_23' title='bbox 216 615 327 697; x_wconf 90' lang='lat' dir='ltr'><strong>quibus</strong></span> <span class='ocrx_word' id='word_1_24' title='bbox 349 614 397 675; x_wconf 92' lang='lat' dir='ltr'><strong>bic</strong></span> <span class='ocrx_word' id='word_1_25' title='bbox 420 612 537 692; x_wconf 88' lang='lat' dir='ltr'><strong>legitur,</strong></span> <span class='ocrx_word' id='word_1_26' title='bbox 561 615 663 675; x_wconf 86' lang='lat' dir='ltr'><strong>miseri</strong></span> <span class='ocrx_word' id='word_1_27' title='bbox 686 617 737 693; x_wconf 89' lang='lat' dir='ltr'><strong>qui</strong></span> <span class='ocrx_word' id='word_1_28' title='bbox 760 623 856 676; x_wconf 88' lang='lat' dir='ltr'><strong>eastra</strong></span> <span class='ocrx_word' id='word_1_29' title='bbox 879 624 1053 696; x_wconf 89' lang='lat' dir='ltr'><strong>sequuntur.</strong></span> <span class='ocrx_word' id='word_1_30' title='bbox 1088 627 1122 676; x_wconf 87' lang='lat'><strong>30</strong></span> 
     </span>
    </p>

    <p class='ocr_par' dir='ltr' id='par_1_6' title="bbox 152 696 890 774">
     <span class='ocr_line' id='line_1_6' title="bbox 152 696 890 774; baseline -0.005 -10"><span class='ocrx_word' id='word_1_31' title='bbox 152 702 214 764; x_wconf 88' lang='lat' dir='ltr'><strong>Hae</strong></span> <span class='ocrx_word' id='word_1_32' title='bbox 236 709 340 763; x_wconf 90' lang='lat' dir='ltr'><strong>noster</strong></span> <span class='ocrx_word' id='word_1_33' title='bbox 361 701 477 774; x_wconf 83' lang='lat' dir='ltr'><strong>ratione</strong></span> <span class='ocrx_word' id='word_1_34' title='bbox 500 696 586 760; x_wconf 88' lang='lat' dir='ltr'><strong>stilus</strong></span> <span class='ocrx_word' id='word_1_35' title='bbox 608 717 668 761; x_wconf 90' lang='lat' dir='ltr'><strong>non</strong></span> <span class='ocrx_word' id='word_1_36' title='bbox 692 698 796 760; x_wconf 91' lang='lat' dir='ltr'><strong>debuit</strong></span> <span class='ocrx_word' id='word_1_37' title='bbox 817 702 890 760; x_wconf 88' lang='lat' dir='ltr'><strong>istas</strong></span> 
     </span>
    </p>

    <p class='ocr_par' dir='ltr' id='par_1_7' title="bbox 153 783 946 857">
     <span class='ocr_line' id='line_1_7' title="bbox 153 783 946 857; baseline -0.003 -9"><span class='ocrx_word' id='word_1_38' title='bbox 153 785 292 849; x_wconf 80' lang='lat' dir='ltr'><strong>Scribere</strong></span> <span class='ocrx_word' id='word_1_39' title='bbox 314 803 371 847; x_wconf 91' lang='lat' dir='ltr'><strong>nec</strong></span> <span class='ocrx_word' id='word_1_40' title='bbox 394 783 499 846; x_wconf 84' lang='lat' dir='ltr'><strong>debuit</strong></span> <span class='ocrx_word' id='word_1_41' title='bbox 521 784 647 847; x_wconf 88' lang='lat' dir='ltr'><strong>heroum</strong></span> <span class='ocrx_word' id='word_1_42' title='bbox 670 785 803 846; x_wconf 85' lang='lat' dir='ltr'><strong>carmine</strong></span> <span class='ocrx_word' id='word_1_43' title='bbox 826 791 946 857; x_wconf 87' lang='lat' dir='ltr'><strong>mortes,</strong></span> 
     </span>
    </p>

    <p class='ocr_par' dir='ltr' id='par_1_8' title="bbox 154 867 978 948">
     <span class='ocr_line' id='line_1_8' title="bbox 154 867 978 948; baseline -0.001 -15"><span class='ocrx_word' id='word_1_44' title='bbox 154 871 211 934; x_wconf 86' lang='lat' dir='ltr'><strong>Sed</strong></span> <span class='ocrx_word' id='word_1_45' title='bbox 235 871 369 932; x_wconf 87' lang='lat' dir='ltr'><strong>numeris</strong></span> <span class='ocrx_word' id='word_1_46' title='bbox 391 868 447 932; x_wconf 89' lang='lat' dir='ltr'><strong>sub</strong></span> <span class='ocrx_word' id='word_1_47' title='bbox 471 869 643 948; x_wconf 86' lang='lat' dir='ltr'><strong>disparibus</strong></span> <span class='ocrx_word' id='word_1_48' title='bbox 665 867 713 930; x_wconf 82' lang='lat' dir='ltr'><strong>lex</strong></span> <span class='ocrx_word' id='word_1_49' title='bbox 735 871 859 932; x_wconf 88' lang='lat' dir='ltr'><strong>metrica</strong></span> <span class='ocrx_word' id='word_1_50' title='bbox 882 869 978 942; x_wconf 88' lang='lat' dir='ltr'><strong>saltat,</strong></span> 
     </span>
    </p>

    <p class='ocr_par' dir='ltr' id='par_1_9' title="bbox 152 954 967 1037">
     <span class='ocr_line' id='line_1_9' title="bbox 152 954 967 1037; baseline -0.002 -19"><span class='ocrx_word' id='word_1_51' title='bbox 152 957 325 1037; x_wconf 80' lang='lat' dir='ltr'><strong>Tamquam,</strong></span> <span class='ocrx_word' id='word_1_52' title='bbox 350 956 387 1017; x_wconf 91' lang='lat' dir='ltr'><strong>de</strong></span> <span class='ocrx_word' id='word_1_53' title='bbox 409 957 527 1016; x_wconf 89' lang='lat' dir='ltr'><strong>miseris</strong></span> <span class='ocrx_word' id='word_1_54' title='bbox 551 954 622 1018; x_wconf 87' lang='lat' dir='ltr'><strong>haee</strong></span> <span class='ocrx_word' id='word_1_55' title='bbox 646 962 692 1016; x_wconf 89' lang='lat' dir='ltr'><strong>est</strong></span> <span class='ocrx_word' id='word_1_56' title='bbox 712 955 854 1026; x_wconf 88' lang='lat' dir='ltr'><strong>narratio,</strong></span> <span class='ocrx_word' id='word_1_57' title='bbox 879 955 967 1018; x_wconf 87' lang='lat' dir='ltr'><strong>dicat.</strong></span> 
     </span>
    </p>

    <p class='ocr_par' dir='ltr' id='par_1_10' title="bbox 153 1038 1120 1208">
     <span class='ocr_line' id='line_1_10' title="bbox 153 1038 1120 1190; baseline -0.002 -88"><span class='ocrx_word' id='word_1_58' title='bbox 153 1039 289 1190; x_wconf 52' lang='lat' dir='ltr'><strong>kTroilus</strong></span> <span class='ocrx_word' id='word_1_59' title='bbox 312 1048 357 1102; x_wconf 91' lang='lat' dir='ltr'><strong>est</strong></span> <span class='ocrx_word' id='word_1_60' title='bbox 379 1038 499 1101; x_wconf 85' lang='lat' dir='ltr'><strong>Troilus</strong></span> <span class='ocrx_word' id='word_1_61' title='bbox 520 1038 650 1101; x_wconf 89' lang='lat' dir='ltr'><strong>Troiano</strong></span> <span class='ocrx_word' id='word_1_62' title='bbox 672 1040 810 1121; x_wconf 88' lang='lat' dir='ltr'><strong>principe</strong></span> <span class='ocrx_word' id='word_1_63' title='bbox 834 1047 919 1104; x_wconf 89' lang='lat' dir='ltr'><strong>natus</strong></span> <span class='ocrx_word' id='word_1_64' title='bbox 1087 1050 1120 1100; x_wconf 80' lang='lat'><strong>35</strong></span> 
     </span>
     <span class='ocr_line' id='line_1_11' title="bbox 178 1123 957 1208; baseline 0 -20"><span class='ocrx_word' id='word_1_65' title='bbox 178 1134 190 1188; x_wconf 92' lang='lat' dir='ltr'><strong>t</strong></span> <span class='ocrx_word' id='word_1_66' title='bbox 211 1126 290 1188; x_wconf 89' lang='lat' dir='ltr'><strong>liber</strong></span> <span class='ocrx_word' id='word_1_67' title='bbox 313 1133 357 1188; x_wconf 86' lang='lat' dir='ltr'><strong>est</strong></span> <span class='ocrx_word' id='word_1_68' title='bbox 378 1124 498 1186; x_wconf 83' lang='lat' dir='ltr'><strong>Troilus</strong></span> <span class='ocrx_word' id='word_1_69' title='bbox 520 1124 557 1186; x_wconf 91' lang='lat' dir='ltr'><strong>ob</strong></span> <span class='ocrx_word' id='word_1_70' title='bbox 581 1125 687 1187; x_wconf 88' lang='lat' dir='ltr'><strong>Troica</strong></span> <span class='ocrx_word' id='word_1_71' title='bbox 711 1123 787 1186; x_wconf 90' lang='lat' dir='ltr'><strong>bella</strong></span> <span class='ocrx_word' id='word_1_72' title='bbox 811 1125 957 1208; x_wconf 84' lang='lat' dir='ltr'><strong>vocatus]</strong></span> 
     </span>
    </p>
   </div>
   <div class='ocr_carea' id='block_1_3' title="bbox 332 1272 1051 1340">
    <p class='ocr_par' dir='ltr' id='par_1_11' title="bbox 332 1272 1051 1340">
     <span class='ocr_line' id='line_1_12' title="bbox 332 1272 1051 1340; baseline -0.001 -11"><span class='ocrx_word' id='word_1_73' title='bbox 332 1273 419 1340; x_wconf 83' lang='lat' dir='ltr'>QUID</span> <span class='ocrx_word' id='word_1_74' title='bbox 439 1272 652 1329; x_wconf 81' lang='lat' dir='ltr'><strong>CONTINEAT</strong></span> <span class='ocrx_word' id='word_1_75' title='bbox 670 1273 807 1329; x_wconf 84' lang='lat' dir='ltr'><strong>PRIMUS</strong></span> <span class='ocrx_word' id='word_1_76' title='bbox 826 1273 942 1329; x_wconf 82' lang='lat' dir='ltr'><strong>LIBER.</strong></span> <span class='ocrx_word' id='word_1_77' title='bbox 1044 1301 1051 1318; x_wconf 66' lang='grc' dir='ltr'><em>ι</em></span> 
     </span>
    </p>
   </div>
   <div class='ocr_carea' id='block_1_4' title="bbox 152 1378 1126 1973">
    <p class='ocr_par' dir='ltr' id='par_1_12' title="bbox 152 1378 1126 1973">
     <span class='ocr_line' id='line_1_13' title="bbox 238 1378 1120 1444; baseline 0 0"><span class='ocrx_word' id='word_1_78' title='bbox 238 1383 355 1444; x_wconf 89' lang='lat' dir='ltr'><strong>Primus</strong></span> <span class='ocrx_word' id='word_1_79' title='bbox 381 1379 462 1442; x_wconf 87' lang='lat' dir='ltr'><strong>liber</strong></span> <span class='ocrx_word' id='word_1_80' title='bbox 489 1381 622 1441; x_wconf 89' lang='lat' dir='ltr'><strong>continet</strong></span> <span class='ocrx_word' id='word_1_81' title='bbox 650 1378 748 1442; x_wconf 90' lang='lat' dir='ltr'><strong>Peliae</strong></span> <span class='ocrx_word' id='word_1_82' title='bbox 777 1389 878 1443; x_wconf 87' lang='lat' dir='ltr'><strong>contra</strong></span> <span class='ocrx_word' id='word_1_83' title='bbox 906 1383 1045 1444; x_wconf 86' lang='lat' dir='ltr'><strong>Iasonem</strong></span> <span class='ocrx_word' id='word_1_84' title='bbox 1074 1385 1120 1444; x_wconf 91' lang='lat' dir='ltr'><strong>in-</strong></span> 
     </span>
     <span class='ocr_line' id='line_1_14' title="bbox 153 1464 1126 1546; baseline 0.001 -19"><span class='ocrx_word' id='word_1_85' title='bbox 153 1468 275 1538; x_wconf 88' lang='lat' dir='ltr'><strong>vidiam,</strong></span> <span class='ocrx_word' id='word_1_86' title='bbox 300 1467 418 1528; x_wconf 83' lang='lat' dir='ltr'><strong>Iasonis</strong></span> <span class='ocrx_word' id='word_1_87' title='bbox 439 1483 494 1546; x_wconf 95' lang='lat' dir='ltr'><strong>pro</strong></span> <span class='ocrx_word' id='word_1_88' title='bbox 517 1464 626 1526; x_wconf 76' lang='lat' dir='ltr'><strong>vellere</strong></span> <span class='ocrx_word' id='word_1_89' title='bbox 649 1467 881 1544; x_wconf 90' lang='lat' dir='ltr'><strong>navigationem,</strong></span> <span class='ocrx_word' id='word_1_90' title='bbox 909 1466 1126 1528; x_wconf 84' lang='lat' dir='ltr'><strong>Laomedontis</strong></span> 
     </span>
     <span class='ocr_line' id='line_1_15' title="bbox 152 1550 1120 1622; baseline -0.001 -8"><span class='ocrx_word' id='word_1_91' title='bbox 152 1571 274 1622; x_wconf 88' lang='lat' dir='ltr'><strong>necem,</strong></span> <span class='ocrx_word' id='word_1_92' title='bbox 303 1551 451 1614; x_wconf 83' lang='lat' dir='ltr'><strong>Hesionae</strong></span> <span class='ocrx_word' id='word_1_93' title='bbox 473 1550 680 1612; x_wconf 88' lang='lat' dir='ltr'><strong>deductionem</strong></span> <span class='ocrx_word' id='word_1_94' title='bbox 703 1560 732 1612; x_wconf 91' lang='lat' dir='ltr'><strong>et</strong></span> <span class='ocrx_word' id='word_1_95' title='bbox 754 1551 885 1612; x_wconf 89' lang='lat' dir='ltr'><strong>eiusdem</strong></span> <span class='ocrx_word' id='word_1_96' title='bbox 909 1551 946 1612; x_wconf 89' lang='lat' dir='ltr'><strong>ab</strong></span> <span class='ocrx_word' id='word_1_97' title='bbox 969 1555 1120 1613; x_wconf 82' lang='lat' dir='ltr'><strong>Antenore</strong></span> 
     </span>
     <span class='ocr_line' id='line_1_16' title="bbox 152 1635 1120 1718; baseline -0.001 -20"><span class='ocrx_word' id='word_1_98' title='bbox 152 1639 379 1718; x_wconf 87' lang='lat' dir='ltr'><strong>repetitionem,</strong></span> <span class='ocrx_word' id='word_1_99' title='bbox 408 1635 517 1697; x_wconf 87' lang='lat' dir='ltr'><strong>Troiae</strong></span> <span class='ocrx_word' id='word_1_100' title='bbox 545 1637 758 1705; x_wconf 89' lang='lat' dir='ltr'><strong>munitionem,</strong></span> <span class='ocrx_word' id='word_1_101' title='bbox 788 1636 946 1698; x_wconf 81' lang='lat' dir='ltr'><strong>Alexandri</strong></span> <span class='ocrx_word' id='word_1_102' title='bbox 974 1638 1005 1697; x_wconf 90' lang='lat' dir='ltr'><strong>in</strong></span> <span class='ocrx_word' id='word_1_103' title='bbox 1030 1639 1120 1700; x_wconf 87' lang='lat' dir='ltr'><strong>Grae·</strong></span> 
     </span>
     <span class='ocr_line' id='line_1_17' title="bbox 153 1719 1119 1803; baseline -0.002 -19"><span class='ocrx_word' id='word_1_104' title='bbox 153 1726 229 1784; x_wconf 88' lang='lat' dir='ltr'><strong>ciam</strong></span> <span class='ocrx_word' id='word_1_105' title='bbox 252 1723 484 1803; x_wconf 81' lang='lat' dir='ltr'><strong>protectionem,</strong></span> <span class='ocrx_word' id='word_1_106' title='bbox 513 1719 643 1782; x_wconf 88' lang='lat' dir='ltr'><strong>Helenae</strong></span> <span class='ocrx_word' id='word_1_107' title='bbox 665 1722 695 1781; x_wconf 92' lang='lat' dir='ltr'><strong>in</strong></span> <span class='ocrx_word' id='word_1_108' title='bbox 719 1721 877 1800; x_wconf 83' lang='lat' dir='ltr'><strong>Phrygiam</strong></span> <span class='ocrx_word' id='word_1_109' title='bbox 901 1721 1119 1790; x_wconf 87' lang='lat' dir='ltr'><strong>adductionem,</strong></span> 
     </span>
     <span class='ocr_line' id='line_1_18' title="bbox 152 1806 1120 1884; baseline -0.002 -16"><span class='ocrx_word' id='word_1_110' title='bbox 152 1809 298 1870; x_wconf 88' lang='lat' dir='ltr'><strong>vindicem</strong></span> <span class='ocrx_word' id='word_1_111' title='bbox 334 1824 350 1866; x_wconf 91' lang='lat' dir='ltr'><strong>a</strong></span> <span class='ocrx_word' id='word_1_112' title='bbox 379 1807 500 1868; x_wconf 87' lang='lat' dir='ltr'><strong>Graecis</strong></span> <span class='ocrx_word' id='word_1_113' title='bbox 532 1806 798 1879; x_wconf 88' lang='lat' dir='ltr'><strong>machinationem,</strong></span> <span class='ocrx_word' id='word_1_114' title='bbox 827 1808 1060 1884; x_wconf 78' lang='lat' dir='ltr'><strong>Agamemnonis</strong></span> <span class='ocrx_word' id='word_1_115' title='bbox 1090 1811 1120 1868; x_wconf 89' lang='lat' dir='ltr'><strong>in</strong></span> 
     </span>
     <span class='ocr_line' id='line_1_19' title="bbox 153 1891 480 1973; baseline -0.015 -17"><span class='ocrx_word' id='word_1_116' title='bbox 153 1911 254 1973; x_wconf 89' lang='lat' dir='ltr'><strong>regem</strong></span> <span class='ocrx_word' id='word_1_117' title='bbox 279 1891 480 1953; x_wconf 84' lang='lat' dir='ltr'><strong>elevationem.</strong></span> 
     </span>
    </p>
   </div>
   <div class='ocr_carea' id='block_1_5' title="bbox 424 2094 848 2316">
    <p class='ocr_par' dir='ltr' id='par_1_13' title="bbox 424 2094 848 2316">
     <span class='ocr_line' id='line_1_20' title="bbox 493 2094 777 2157; baseline 0.004 -2"><span class='ocrx_word' id='word_1_118' title='bbox 493 2094 606 2156; x_wconf 80' lang='lat' dir='ltr'>LIBER</span> <span class='ocrx_word' id='word_1_119' title='bbox 627 2095 777 2157; x_wconf 85' lang='lat' dir='ltr'>PRIMUS.</span> 
     </span>
     <span class='ocr_line' id='line_1_21' title="bbox 424 2260 848 2316; baseline -0.002 0"><span class='ocrx_word' id='word_1_120' title='bbox 424 2260 603 2316; x_wconf 84' lang='lat' dir='ltr'><strong>CAPITULA</strong></span> <span class='ocrx_word' id='word_1_121' title='bbox 620 2261 719 2316; x_wconf 82' lang='lat' dir='ltr'>LIBRI</span> <span class='ocrx_word' id='word_1_122' title='bbox 735 2260 848 2316; x_wconf 85' lang='lat' dir='ltr'><strong>PRlMI.</strong></span> 
     </span>
    </p>
   </div>
   <div class='ocr_carea' id='block_1_6' title="bbox 152 2383 953 2719">
    <p class='ocr_par' dir='ltr' id='par_1_14' title="bbox 152 2383 953 2719">
     <span class='ocr_line' id='line_1_22' title="bbox 152 2383 953 2446; baseline -0.001 -1"><span class='ocrx_word' id='word_1_123' title='bbox 152 2385 273 2446; x_wconf 87' lang='lat' dir='ltr'><strong>Primus</strong></span> <span class='ocrx_word' id='word_1_124' title='bbox 296 2383 333 2445; x_wconf 90' lang='lat' dir='ltr'><strong>ob</strong></span> <span class='ocrx_word' id='word_1_125' title='bbox 356 2385 495 2446; x_wconf 90' lang='lat' dir='ltr'><strong>invidiam</strong></span> <span class='ocrx_word' id='word_1_126' title='bbox 519 2384 619 2446; x_wconf 90' lang='lat' dir='ltr'><strong>Peliae</strong></span> <span class='ocrx_word' id='word_1_127' title='bbox 642 2402 711 2445; x_wconf 88' lang='lat' dir='ltr'><strong>curn</strong></span> <span class='ocrx_word' id='word_1_128' title='bbox 734 2402 807 2446; x_wconf 86' lang='lat' dir='ltr'><strong>nave</strong></span> <span class='ocrx_word' id='word_1_129' title='bbox 831 2392 953 2446; x_wconf 87' lang='lat' dir='ltr'><strong>venusta</strong></span> 
     </span>
     <span class='ocr_line' id='line_1_23' title="bbox 155 2467 916 2550; baseline -0.007 -18"><span class='ocrx_word' id='word_1_130' title='bbox 155 2468 286 2532; x_wconf 91' lang='lat' dir='ltr'><strong>Cholcon</strong></span> <span class='ocrx_word' id='word_1_131' title='bbox 310 2472 446 2531; x_wconf 88' lang='lat' dir='ltr'><strong>inaurato</strong></span> <span class='ocrx_word' id='word_1_132' title='bbox 469 2489 524 2550; x_wconf 88' lang='lat' dir='ltr'><strong>pro</strong></span> <span class='ocrx_word' id='word_1_133' title='bbox 547 2467 655 2529; x_wconf 90' lang='lat' dir='ltr'><strong>vellere</strong></span> <span class='ocrx_word' id='word_1_134' title='bbox 678 2469 787 2530; x_wconf 83' lang='lat' dir='ltr'><strong>Iasone</strong></span> <span class='ocrx_word' id='word_1_135' title='bbox 810 2477 916 2548; x_wconf 84' lang='lat' dir='ltr'><strong>portat,</strong></span> 
     </span>
     <span class='ocr_line' id='line_1_24' title="bbox 153 2553 915 2633; baseline 0.003 -19"><span class='ocrx_word' id='word_1_136' title='bbox 153 2554 332 2622; x_wconf 87' lang='lat' dir='ltr'><strong>Laomedon,</strong></span> <span class='ocrx_word' id='word_1_137' title='bbox 357 2573 461 2616; x_wconf 89' lang='lat' dir='ltr'><strong>navem</strong></span> <span class='ocrx_word' id='word_1_138' title='bbox 486 2555 537 2632; x_wconf 91' lang='lat' dir='ltr'><strong>qni</strong></span> <span class='ocrx_word' id='word_1_139' title='bbox 559 2553 675 2615; x_wconf 79' lang='lat' dir='ltr'><strong>Iasonis</strong></span> <span class='ocrx_word' id='word_1_140' title='bbox 698 2561 766 2616; x_wconf 88' lang='lat' dir='ltr'><strong>ante</strong></span> <span class='ocrx_word' id='word_1_141' title='bbox 790 2554 915 2633; x_wconf 84' lang='lat' dir='ltr'><strong>iugarat,</strong></span> 
     </span>
     <span class='ocr_line' id='line_1_25' title="bbox 153 2637 915 2719; baseline 0.001 -20"><span class='ocrx_word' id='word_1_142' title='bbox 153 2637 291 2700; x_wconf 88' lang='lat' dir='ltr'><strong>Herculis</strong></span> <span class='ocrx_word' id='word_1_143' title='bbox 315 2656 386 2700; x_wconf 91' lang='lat' dir='ltr'><strong>ense</strong></span> <span class='ocrx_word' id='word_1_144' title='bbox 409 2639 497 2711; x_wconf 89' lang='lat' dir='ltr'><strong>cadit,</strong></span> <span class='ocrx_word' id='word_1_145' title='bbox 520 2638 628 2700; x_wconf 87' lang='lat' dir='ltr'><strong>Troiae</strong></span> <span class='ocrx_word' id='word_1_146' title='bbox 652 2640 777 2701; x_wconf 90' lang='lat' dir='ltr'><strong>munitio</strong></span> <span class='ocrx_word' id='word_1_147' title='bbox 799 2642 915 2719; x_wconf 80' lang='lat' dir='ltr'><strong>surgit,</strong></span> 
     </span>
    </p>
   </div>
   <div class='ocr_carea' id='block_1_7' title="bbox 152 2775 355 2784">
    <p class='ocr_par' dir='ltr' id='par_1_15' title="bbox 152 2775 355 2784">
     <span class='ocr_line' id='line_1_26' title="bbox 152 2775 355 2784; baseline -0.005 0"><span class='ocrx_word' id='word_1_148' title='bbox 152 2775 355 2784; x_wconf 78' lang='lat'>—.-—.—.-.—--</span> 
     </span>
    </p>
   </div>
   <div class='ocr_carea' id='block_1_8' title="bbox 150 2841 1121 3588">
    <p class='ocr_par' dir='ltr' id='par_1_16' title="bbox 150 2841 1121 3588">
     <span class='ocr_line' id='line_1_27' title="bbox 222 2841 1121 2897; baseline -0.002 -3"><span class='ocrx_word' id='word_1_149' title='bbox 222 2845 262 2894; x_wconf 81' lang='lat'><strong>30.</strong></span> <span class='ocrx_word' id='word_1_150' title='bbox 282 2841 372 2893; x_wconf 74' lang='lat' dir='ltr'><strong>Perta.</strong></span> <span class='ocrx_word' id='word_1_151' title='bbox 388 2842 497 2897; x_wconf 82' lang='lat' dir='ltr'><strong>misere.</strong></span> <span class='ocrx_word' id='word_1_152' title='bbox 550 2843 592 2894; x_wconf 80' lang='grc'><strong>35.</strong></span> <span class='ocrx_word' id='word_1_153' title='bbox 611 2842 652 2895; x_wconf 78' lang='lat'><strong>26.</strong></span> <span class='ocrx_word' id='word_1_154' title='bbox 670 2841 729 2892; x_wconf 90' lang='lat' dir='ltr'><strong>Hos</strong></span> <span class='ocrx_word' id='word_1_155' title='bbox 748 2841 816 2892; x_wconf 89' lang='lat' dir='ltr'><strong>dnos</strong></span> <span class='ocrx_word' id='word_1_156' title='bbox 829 2843 906 2892; x_wconf 77' lang='lat' dir='ltr'><strong>uncle</strong></span> <span class='ocrx_word' id='word_1_157' title='bbox 919 2841 1040 2892; x_wconf 87' lang='lat' dir='ltr'><strong>inclusos</strong></span> <span class='ocrx_word' id='word_1_158' title='bbox 1059 2858 1121 2894; x_wconf 86' lang='lat' dir='ltr'><strong>ver-</strong></span> 
     </span>
     <span class='ocr_line' id='line_1_28' title="bbox 154 2909 1121 2976; baseline 0 -16"><span class='ocrx_word' id='word_1_159' title='bbox 154 2924 201 2960; x_wconf 88' lang='lat' dir='ltr'><strong>sus</strong></span> <span class='ocrx_word' id='word_1_160' title='bbox 217 2910 355 2976; x_wconf 85' lang='lat' dir='ltr'><strong>Heusing.</strong></span> <span class='ocrx_word' id='word_1_161' title='bbox 375 2925 430 2960; x_wconf 89' lang='lat' dir='ltr'><strong>non</strong></span> <span class='ocrx_word' id='word_1_162' title='bbox 448 2914 531 2975; x_wconf 82' lang='lat' dir='ltr'><strong>putet</strong></span> <span class='ocrx_word' id='word_1_163' title='bbox 548 2911 582 2961; x_wconf 86' lang='lat' dir='ltr'><strong>eb</strong></span> <span class='ocrx_word' id='word_1_164' title='bbox 601 2909 714 2961; x_wconf 87' lang='lat' dir='ltr'><strong>Alberto</strong></span> <span class='ocrx_word' id='word_1_165' title='bbox 734 2909 875 2975; x_wconf 86' lang='lat' dir='ltr'><strong>profectos</strong></span> <span class='ocrx_word' id='word_1_166' title='bbox 894 2924 967 2960; x_wconf 80' lang='lat' dir='ltr'><strong>esser</strong></span> <span class='ocrx_word' id='word_1_167' title='bbox 996 2911 1057 2974; x_wconf 87' lang='lat' dir='ltr'><strong>„Ut</strong></span> <span class='ocrx_word' id='word_1_168' title='bbox 1080 2912 1121 2961; x_wconf 82' lang='lat' dir='ltr'><strong>ita</strong></span> 
     </span>
     <span class='ocr_line' id='line_1_29' title="bbox 153 2976 1118 3043; baseline -0.001 -14"><span class='ocrx_word' id='word_1_169' title='bbox 153 2992 298 3043; x_wconf 78' lang='lat' dir='ltr'><strong>censeam,</strong></span> <span class='ocrx_word' id='word_1_170' title='bbox 325 2977 408 3042; x_wconf 84' lang='lat' dir='ltr'><strong>dicit,</strong></span> <span class='ocrx_word' id='word_1_171' title='bbox 438 2993 493 3028; x_wconf 89' lang='lat' dir='ltr'><strong>non</strong></span> <span class='ocrx_word' id='word_1_172' title='bbox 520 2993 552 3029; x_wconf 92' lang='lat' dir='ltr'><strong>eo</strong></span> <span class='ocrx_word' id='word_1_173' title='bbox 572 2977 658 3030; x_wconf 89' lang='lat' dir='ltr'><strong>solum</strong></span> <span class='ocrx_word' id='word_1_174' title='bbox 681 2977 805 3042; x_wconf 80' lang='lat' dir='ltr'><strong>adducor</strong></span> <span class='ocrx_word' id='word_1_175' title='bbox 823 2977 895 3041; x_wconf 88' lang='lat' dir='ltr'><strong>quod</strong></span> <span class='ocrx_word' id='word_1_176' title='bbox 913 2976 1020 3029; x_wconf 88' lang='lat' dir='ltr'><strong>Alberti</strong></span> <span class='ocrx_word' id='word_1_177' title='bbox 1038 2993 1118 3042; x_wconf 86' lang='lat' dir='ltr'><strong>vene,</strong></span> 
     </span>
     <span class='ocr_line' id='line_1_30' title="bbox 154 3044 1120 3111; baseline 0.002 -16"><span class='ocrx_word' id='word_1_178' title='bbox 154 3047 280 3111; x_wconf 82' lang='lat' dir='ltr'><strong>quemvis</strong></span> <span class='ocrx_word' id='word_1_179' title='bbox 300 3049 327 3096; x_wconf 87' lang='lat' dir='ltr'><strong>et</strong></span> <span class='ocrx_word' id='word_1_180' title='bbox 345 3047 407 3110; x_wconf 82' lang='lat' dir='ltr'><strong>ipse</strong></span> <span class='ocrx_word' id='word_1_181' title='bbox 426 3044 566 3096; x_wconf 84' lang='lat' dir='ltr'><strong>lutulenta</strong></span> <span class='ocrx_word' id='word_1_182' title='bbox 584 3047 662 3107; x_wconf 84' lang='lat' dir='ltr'><strong>fluat,</strong></span> <span class='ocrx_word' id='word_1_183' title='bbox 683 3050 775 3096; x_wconf 83' lang='lat' dir='ltr'><strong>tamen</strong></span> <span class='ocrx_word' id='word_1_184' title='bbox 794 3059 825 3095; x_wconf 86' lang='lat' dir='ltr'><strong>ea</strong></span> <span class='ocrx_word' id='word_1_185' title='bbox 843 3049 907 3096; x_wconf 87' lang='lat' dir='ltr'><strong>sunt</strong></span> <span class='ocrx_word' id='word_1_186' title='bbox 925 3045 1046 3110; x_wconf 86' lang='lat' dir='ltr'><strong>indigni,</strong></span> <span class='ocrx_word' id='word_1_187' title='bbox 1071 3047 1120 3097; x_wconf 86' lang='lat' dir='ltr'><strong>sed</strong></span> 
     </span>
     <span class='ocr_line' id='line_1_31' title="bbox 152 3112 1121 3180; baseline 0.002 -17"><span class='ocrx_word' id='word_1_188' title='bbox 152 3113 238 3163; x_wconf 83' lang='lat' dir='ltr'><strong>etiem</strong></span> <span class='ocrx_word' id='word_1_189' title='bbox 268 3113 341 3179; x_wconf 85' lang='lat' dir='ltr'><strong>qnod</strong></span> <span class='ocrx_word' id='word_1_190' title='bbox 367 3113 452 3166; x_wconf 87' lang='lat' dir='ltr'><strong>iidem</strong></span> <span class='ocrx_word' id='word_1_191' title='bbox 470 3129 567 3165; x_wconf 87' lang='lat' dir='ltr'><strong>versus</strong></span> <span class='ocrx_word' id='word_1_192' title='bbox 593 3116 624 3165; x_wconf 91' lang='lat' dir='ltr'><strong>in</strong></span> <span class='ocrx_word' id='word_1_193' title='bbox 650 3112 704 3164; x_wconf 87' lang='lat' dir='ltr'><strong>fine</strong></span> <span class='ocrx_word' id='word_1_194' title='bbox 729 3113 833 3164; x_wconf 82' lang='lat' dir='ltr'><strong>codicis</strong></span> <span class='ocrx_word' id='word_1_195' title='bbox 855 3118 1031 3180; x_wconf 88' lang='lat' dir='ltr'><strong>repetuntur,</strong></span> <span class='ocrx_word' id='word_1_196' title='bbox 1058 3119 1085 3164; x_wconf 87' lang='lat' dir='ltr'><strong>et</strong></span> <span class='ocrx_word' id='word_1_197' title='bbox 1104 3131 1121 3165; x_wconf 82' lang='lat' dir='ltr'><strong>a</strong></span> 
     </span>
     <span class='ocr_line' id='line_1_32' title="bbox 152 3177 1121 3247; baseline 0 -15"><span class='ocrx_word' id='word_1_198' title='bbox 152 3181 346 3247; x_wconf 81' lang='lat' dir='ltr'><strong>grammatico,</strong></span> <span class='ocrx_word' id='word_1_199' title='bbox 367 3182 459 3246; x_wconf 87' lang='lat' dir='ltr'><strong>quiin</strong></span> <span class='ocrx_word' id='word_1_200' title='bbox 479 3197 594 3234; x_wconf 81' lang='lat' dir='ltr'><strong>accessu</strong></span> <span class='ocrx_word' id='word_1_201' title='bbox 614 3182 649 3233; x_wconf 81' lang='lat' dir='ltr'><strong>ud</strong></span> <span class='ocrx_word' id='word_1_202' title='bbox 667 3181 790 3232; x_wconf 89' lang='lat' dir='ltr'><strong>Troilum</strong></span> <span class='ocrx_word' id='word_1_203' title='bbox 814 3177 880 3232; x_wconf 89' lang='lat' dir='ltr'><strong>libri</strong></span> <span class='ocrx_word' id='word_1_204' title='bbox 903 3181 1014 3232; x_wconf 84' lang='lat' dir='ltr'><strong>titulum</strong></span> <span class='ocrx_word' id='word_1_205' title='bbox 1032 3181 1121 3246; x_wconf 88' lang='lat' dir='ltr'><strong>expli·</strong></span> 
     </span>
     <span class='ocr_line' id='line_1_33' title="bbox 152 3248 1121 3316; baseline 0.002 -18"><span class='ocrx_word' id='word_1_206' title='bbox 152 3249 235 3312; x_wconf 81' lang='lat' dir='ltr'><strong>cavit,</strong></span> <span class='ocrx_word' id='word_1_207' title='bbox 254 3248 333 3300; x_wconf 83' lang='lat' dir='ltr'><strong>nulle</strong></span> <span class='ocrx_word' id='word_1_208' title='bbox 351 3265 443 3301; x_wconf 85' lang='lat' dir='ltr'><strong>eorum</strong></span> <span class='ocrx_word' id='word_1_209' title='bbox 462 3251 534 3301; x_wconf 84' lang='lat' dir='ltr'><strong>ratio</strong></span> <span class='ocrx_word' id='word_1_210' title='bbox 554 3255 597 3300; x_wconf 89' lang='lat' dir='ltr'><strong>est</strong></span> <span class='ocrx_word' id='word_1_211' title='bbox 614 3249 722 3300; x_wconf 78' lang='lat' dir='ltr'><strong>habite.</strong></span> <span class='ocrx_word' id='word_1_212' title='bbox 756 3251 779 3299; x_wconf 83' lang='lat' dir='ltr'>E</span> <span class='ocrx_word' id='word_1_213' title='bbox 799 3249 897 3314; x_wconf 88' lang='lat' dir='ltr'><strong>quibus</strong></span> <span class='ocrx_word' id='word_1_214' title='bbox 916 3249 1041 3302; x_wconf 88' lang='lat' dir='ltr'><strong>omnibns</strong></span> <span class='ocrx_word' id='word_1_215' title='bbox 1059 3265 1121 3316; x_wconf 90' lang='lat' dir='ltr'><strong>pro·</strong></span> 
     </span>
     <span class='ocr_line' id='line_1_34' title="bbox 151 3316 1120 3383; baseline 0.002 -17"><span class='ocrx_word' id='word_1_216' title='bbox 151 3331 217 3366; x_wconf 88' lang='lat' dir='ltr'><strong>num</strong></span> <span class='ocrx_word' id='word_1_217' title='bbox 236 3322 279 3367; x_wconf 87' lang='lat' dir='ltr'><strong>est</strong></span> <span class='ocrx_word' id='word_1_218' title='bbox 298 3319 444 3383; x_wconf 84' lang='lat' dir='ltr'><strong>suspicari,</strong></span> <span class='ocrx_word' id='word_1_219' title='bbox 459 3318 617 3369; x_wconf 85' lang='lat' dir='ltr'><strong>¹versiculos</strong></span> <span class='ocrx_word' id='word_1_220' title='bbox 635 3319 704 3369; x_wconf 85' lang='lat' dir='ltr'><strong>istos</strong></span> <span class='ocrx_word' id='word_1_221' title='bbox 723 3318 757 3368; x_wconf 81' lang='lat' dir='ltr'><strong>ab</strong></span> <span class='ocrx_word' id='word_1_222' title='bbox 776 3316 832 3368; x_wconf 85' lang='lat' dir='ltr'><strong>alio</strong></span> <span class='ocrx_word' id='word_1_223' title='bbox 845 3317 962 3383; x_wconf 87' lang='lat' dir='ltr'><strong>quodem</strong></span> <span class='ocrx_word' id='word_1_224' title='bbox 976 3317 1120 3368; x_wconf 81' lang='lat' dir='ltr'><strong>conlectos</strong></span> 
     </span>
     <span class='ocr_line' id='line_1_35' title="bbox 150 3384 1119 3453; baseline 0 -19"><span class='ocrx_word' id='word_1_225' title='bbox 150 3384 319 3451; x_wconf 83' lang='lat' dir='ltr'><strong>Albertoque</strong></span> <span class='ocrx_word' id='word_1_226' title='bbox 339 3401 400 3437; x_wconf 86' lang='lat' dir='ltr'><strong>esse</strong></span> <span class='ocrx_word' id='word_1_227' title='bbox 419 3385 605 3453; x_wconf 85' lang='lat' dir='ltr'><strong>suppositos.“</strong></span> <span class='ocrx_word' id='word_1_228' title='bbox 641 3386 757 3437; x_wconf 86' lang='lat' dir='ltr'><strong>Alberto</strong></span> <span class='ocrx_word' id='word_1_229' title='bbox 779 3386 925 3437; x_wconf 84' lang='lat' dir='ltr'><strong>tribuimus</strong></span> <span class='ocrx_word' id='word_1_230' title='bbox 948 3385 1119 3450; x_wconf 71' lang='lat' dir='ltr'><strong>besuenses,</strong></span> 
     </span>
     <span class='ocr_line' id='line_1_36' title="bbox 152 3451 1119 3520; baseline -0.001 -17"><span class='ocrx_word' id='word_1_231' title='bbox 152 3453 199 3518; x_wconf 88' lang='lat' dir='ltr'><strong>qui</strong></span> <span class='ocrx_word' id='word_1_232' title='bbox 216 3467 301 3520; x_wconf 75' lang='lat' dir='ltr'><strong>saepe</strong></span> <span class='ocrx_word' id='word_1_233' title='bbox 320 3457 348 3504; x_wconf 83' lang='lat' dir='ltr'><strong>et</strong></span> <span class='ocrx_word' id='word_1_234' title='bbox 366 3452 485 3506; x_wconf 85' lang='lat' dir='ltr'><strong>libenter</strong></span> <span class='ocrx_word' id='word_1_235' title='bbox 503 3453 607 3520; x_wconf 83' lang='lat' dir='ltr'><strong>gaudet</strong></span> <span class='ocrx_word' id='word_1_236' title='bbox 625 3451 831 3519; x_wconf 81' lang='lat' dir='ltr'><strong>logodaedelie,</strong></span> <span class='ocrx_word' id='word_1_237' title='bbox 850 3458 881 3504; x_wconf 88' lang='lat' dir='ltr'><strong>ut</strong></span> <span class='ocrx_word' id='word_1_238' title='bbox 898 3454 928 3504; x_wconf 91' lang='lat' dir='ltr'><strong>in</strong></span> <span class='ocrx_word' id='word_1_239' title='bbox 946 3453 1119 3519; x_wconf 81' lang='lat' dir='ltr'><strong>praefatione</strong></span> 
     </span>
     <span class='ocr_line' id='line_1_37' title="bbox 152 3519 992 3588; baseline 0.004 -18"><span class='ocrx_word' id='word_1_240' title='bbox 152 3519 303 3577; x_wconf 87' lang='lat' dir='ltr'><strong>docuimus,</strong></span> <span class='ocrx_word' id='word_1_241' title='bbox 373 3523 397 3576; x_wconf 82' lang='lat'><strong>2.</strong></span> <span class='ocrx_word' id='word_1_242' title='bbox 417 3522 485 3575; x_wconf 87' lang='lat' dir='ltr'><strong>Mse.</strong></span> <span class='ocrx_word' id='word_1_243' title='bbox 505 3522 665 3573; x_wconf 86' lang='lat' dir='ltr'><strong>Chonebon.</strong></span> <span class='ocrx_word' id='word_1_244' title='bbox 737 3523 761 3572; x_wconf 87' lang='grc'><strong>3.</strong></span> <span class='ocrx_word' id='word_1_245' title='bbox 780 3521 847 3572; x_wconf 85' lang='lat' dir='ltr'><strong>Meo.</strong></span> <span class='ocrx_word' id='word_1_246' title='bbox 868 3522 992 3588; x_wconf 78' lang='lat' dir='ltr'><strong>fugerat.</strong></span> 
     </span>
    </p>
   </div>
   <div class='ocr_carea' id='block_1_9' title="bbox 0 0 1300 3978">
    <p class='ocr_par' dir='ltr' id='par_1_17' title="bbox 0 0 1300 3978">
     <span class='ocr_line' id='line_1_38' title="bbox 0 0 1300 3978; baseline 0 0"><span class='ocrx_word' id='word_1_247' title='bbox 0 0 1300 3978; x_wconf 95' lang='lat' dir='ltr'><strong> </strong></span> 
     </span>
    </p>
   </div>
  </div>
 </body>
</html>
