2574 3976
439 161 501 212 nio.
519 160 566 212 vr.
603 179 629 214 v.
648 163 794 214 eoo-nee.
1043 159 1102 222 177

136 316 237 377 Μ11133
260 313 361 373 133331
384 329 472 390 quem
496 319 525 372 te
548 328 642 390 genus
664 330 752 373 omne
774 314 915 381 ferorum,

177 397 323 459 Antenor!
346 395 452 456 similis
474 404 519 455 est
541 394 593 456 tibi
616 395 715 458 nulius
736 399 822 476 sper!
1053 407 1104 455 310

137 481 259 550 Urbem,
285 498 361 558 quae
383 480 477 541 multo
499 481 628 541 surrexit
651 480 686 542 ad
710 491 787 542 astra
810 481 922 552 labore,

182 566 243 628 Uno
261 564 365 626 ienisti
388 572 476 624 noete
498 565 607 643 perire,
631 565 716 646 lupe!

135 649 214 713 Urbs
238 647 326 720 boue,
350 647 492 710 nobiliter
514 657 637 710 steterat
658 667 734 729 quae
756 647 895 729 pluribus
917 650 1012 718 annis,

177 734 246 795 Flos
267 733 364 805 Asiae,
387 731 511 813 Trojirm
534 733 637 811 gioria,
661 751 777 811 gemme
800 733 961 813 Phrygum,

135 819 248 879 Hortus
270 819 410 886 tironum,
434 834 592 894 procerum
615 835 694 890 rose,
716 817 776 878 tilia
800 836 914 896 regum,
1054 827 1103 876 313

178 901 290 981 Pompa
312 900 491 980 puellarum,
515 905 630 963 mansio
653 914 738 979 grata
761 901 880 972 (lucum,

136 984 250 1048 Auxilii
273 1003 386 1055 murus,
409 988 524 1064 patriae
546 988 693 1048 tutissimo
716 987 816 1054 turris,

180 1068 744 1150 031133313330113133331333313
770 1074 857 1151 perit.

136 1154 238 1234 Turpe
261 1153 382 1234 quidem
406 1154 494 1223 dioto,
518 1154 569 1215 sed
593 1155 727 1216 simodo
751 1174 820 1216 rere
845 1155 982 1223 fatemur,

179 1239 301 1299 Saevior
326 1246 371 1298 est
392 1240 493 1299 animo
515 1239 618 1336 ripere
638 1238 717 1300 nutis
741 1247 1104 1300 133333

136 1322 301 1402 iuppiter
293 1339 325 1381 ru
348 1320 459 1382 multos
481 1323 637 1383 temeraria
660 1321 785 1382 fulmine
808 1331 937 1398 torquet,

177 1405 234 1476 Qui
258 1421 394 1484 poenam,
418 1423 506 1485 quoni
530 1413 571 1475 tu,
595 1424 654 1466 non
678 1423 817 1466 meruere
839 1407 909 1486 poti.

136 1491 181 1550 'iu
204 1507 322 1569 quoque
344 1487 529 1568 Polydamas,
553 1493 604 1569 qui
626 1489 716 1550 verbo
739 1490 866 1551 nefande
889 1489 1019 1560 ferebas,

179 1571 378 1634 Nonne'ieris
399 1575 495 1634 saevis
516 1571 582 1653 pius
604 1573 864 1635 feritatisvhebesi

136 1657 242 1719 Prodis
264 1659 294 1716 in
316 1664 443 1718 mortem
468 1673 576 1734 pueros
596 1657 778 1737 juvenesque
802 1675 957 1737 senesque,
1054 1667 1104 1716 333

185 1742 217 1802 13
241 1741 350 1822 quibus
372 1749 402 1801 et
424 1741 558 1811 recubas,
583 1744 698 1804 moenio
722 1742 800 1803 claro
824 1759 967 1816 eremas„

136 1825 231 1897 Quem
253 1824 327 1886 libet
349 1833 413 1886 3313
435 1825 578 1905 probant,
608 1837 636 1886 et
660 1826 729 1906 quid
754 1844 812 1887 uon
835 1827 972 1907 proditor
995 1826 1104 1888 sudet?

178 1911 332 1989 Terraque
355 1909 392 1970 de
415 1912 522 1977 iruetu,
546 1928 633 1987 quam
657 1915 694 1971 311
717 1927 827 1981 amaro,
851 1911 947 1972 docet.

135 1994 219 2065 Quae
240 2011 326 2072 seges
349 1994 458 2056 iniecta
481 2004 583 2073 surget
605 2012 663 2055 non
687 1994 809 2056 denotor
831 1994 934 2065 herba,

176 2077 292 2139 Arbore
315 2079 352 2138 de
375 2078 454 2140 03131
479 2081 573 2140 031313
597 2097 685 2157 poma
706 2079 827 2140 endunt.
1053 2089 1104 2136 333

136 2163 254 2232 Nescio,
277 2169 427 2223 tantorum
451 2180 517 2223 num
540 2166 579 2223 sit
600 2166 744 2242 pincerna
767 2163 921 2236 malorum,

179 2246 319 2307 Carmine
342 2262 400 2322 quo
423 2243 530 2324 iuiuger
553 2249 584 2307 in
608 2253 659 2308 tua
680 2247 738 2307 into
761 2248 860 2307 ferox!

139 2331 174 2392 ut
197 2329 253 2391 tibi
274 2329 346 2390 dent
367 2330 514 2410 sociisque
536 2333 596 2391 tuis
619 2332 800 2408 inopemque
823 2338 983 2398 senectam,

180 2414 218 2474 Et
239 2415 343 2491 longus
366 2413 489 2484 hiemes,
512 2423 747 2493 perpetuamque
770 2414 858 2473 sitim.

342 2559 524 2628 [PYRRHUS
544 2558 710 2615 OCCUPA'P
728 2559 898 2630 PORTAM.]

136 2651 302 2745 Egrediens
324 2668 354 2726 in
378 2673 473 2726 333133
498 2665 590 2727 Sinon
615 2664 714 2728 audite
736 2674 879 2745 reportat,
1055 2675 1105 2725 333

180 2751 242 2812 iiex
266 2767 332 2811 eum
350 2748 528 2829 Grsjugeuis
549 2750 667 2827 singula
690 2748 779 2810 verbe
802 2757 900 2820 notet;

204 2902 263 2951 309.
282 2900 378 2951 Ovidii
396 2909 439 2950 est
455 2899 569 2950 Heroid.
589 2899 623 2962 X,
643 2900 667 2952 1.
779 2902 838 2951 310.
858 2899 962 2964 Margo.
992 2899 1103 2950 Invehi-

136 2967 229 3018 turin
246 2969 421 3018 Antenorem.
508 2967 627 3020 33112,
646 2965 726 3018 Ovid.
745 2968 869 3020 e.Pont.
887 2965 938 3027 111,
956 2966 982 3030 0,
1001 2967 1042 3016 ut
1061 2969 1103 3029 10,

138 3035 187 3085 301
205 3039 297 3085 temen
315 3031 450 3084 secundus
468 3047 565 3083 versus
583 3036 676 3083 33331.

306 3101 361 3165 Qui
379 3115 494 3165 poenam
512 3099 613 3166 oulpee
632 3114 686 3150 non
704 3114 826 3150 meruere
842 3100 910 3164 peti.

136 3165 791 3234 3331133333Ι3333113333Ρ31303ι3331331.
848 3169 906 3219 317.
926 3166 1008 3219 Ouid.
1027 3168 1104 3220 Fani.

135 3236 171 3300 11,
190 3239 249 3288 331.
268 3235 333 3301 qnid
350 3251 406 3287 non
423 3235 655 3300 emorimprobus
672 3233 766 3290 33031,
861 3234 974 3286 ovino
976 3236 1031 3289 ..P
1051 3236 1105 3297 111,

135 3305 223 3369 810
292 3305 351 3355 333.
370 3305 412 3354 34.
431 3303 483 3358 Ov.
501 3302 561 3358 Am
579 3302 603 3353 1.
622 3304 647 3367 8,
668 3303 725 3354 113.
745 3303 777 3352 14

220 3371 258 3422 Di
278 3370 330 3422 tibi
348 3370 412 3421 dent
428 3369 573 3436 nullosque
593 3370 676 3433 iores,
693 3371 854 3436 inopemque
872 3374 1014 3422 senectam

253 3440 291 3489 ut
309 3438 408 3504 longus
427 3443 481 3494 ete,

869 3525 900 3572 te
