2574 3976
202 199 262 266 188
502 205 565 254 ura.
585 205 631 256 vr.
669 221 694 256 v.
713 204 857 254 oro-eoo.

503 401 687 472 [rnanuuu
705 399 862 469 ervisio]

202 507 262 568 Res
284 525 360 569 nova
384 505 527 569 sollicitos
549 507 655 568 invitat
677 525 795 586 semper
817 504 937 574 ocellos,
1125 516 1184 564 615

246 592 308 654 llac
329 589 455 670 illacque
477 591 568 652 trahit
591 591 744 672 splendida
766 589 856 669 'froja
880 592 967 650 viros.

204 678 247 738 lle
270 675 372 738 multis
400 675 513 738 laribus
535 675 581 737 lar
602 673 651 737 hic
674 684 845 736 surrexerat
867 693 953 744 unus,

247 761 329 822 Unus
352 769 416 821 erat
438 761 500 821 solo
523 759 639 820 lucidus
660 763 730 838 igne
751 758 843 820 locus.

202 846 282 923 lgnis
304 843 392 923 Troja
416 846 484 920 luit,
508 852 538 905 et
558 851 636 913 tota;
661 850 803 922 vagantur
825 842 935 903 ibidem

249 929 356 989 Graeci
379 926 541 1006 Trojanum
565 925 748 989 circueundo
771 926 880 987 lucum.
1123 936 1182 984 620

202 1013 256 1074 llio
281 1013 407 1081 uiueres,
430 1013 478 1072 hio
502 1011 657 1084 carbones
681 1013 729 1074 hic
754 1013 876 1088 respicit
898 1012 1002 1089 ignes:

246 1097 371 1174 Saepius
394 1104 439 1156 est
461 1095 566 1157 oculus
589 1098 618 1157 in
643 1095 771 1158 novitate
794 1113 893 1171 vagus.

204 1181 261 1242 lsta
285 1189 460 1258 regyrautcs
483 1188 566 1241 vocat
588 1183 618 1242 in
641 1198 799 1242 commune
823 1179 953 1250 Quirites

246 1264 282 1326 ln
301 1273 396 1326 totum
418 1262 562 1344 populum
587 1264 712 1326 briccius
736 1263 833 1326 dando
854 1280 971 1324 sonum.

204 1348 265 1410 Nec
289 1366 381 1410 mora.
427 1349 611 1410 Conveniunt
634 1357 664 1409 et
686 1349 926 1428 conglomeratur
949 1349 979 1406 in
1003 1363 1095 1407 uuum
1119 1355 1175 1406 625

254 1432 348 1503 Quam
372 1433 510 1509 tulerant,
533 1434 653 1513 praeda,
676 1451 748 1511 rege
771 1433 896 1500 volente,
920 1430 1028 1492 locum.

203 1518 239 1578 Et
261 1536 337 1596 quae
360 1517 499 1578 dividitur
522 1525 551 1578 et
573 1517 610 1578 ab
633 1535 814 1597 unoquoque
836 1516 959 1582 levatur.

245 1600 391 1662 Omnibus
414 1601 522 1663 illectis
545 1604 641 1679 portio
666 1619 771 1679 magua
794 1603 874 1662 satis.

204 1683 287 1745 Vivat
308 1687 339 1746 in
363 1692 516 1747 aeternum
539 1687 606 1746 rex!
633 1685 760 1746 clamant
783 1684 903 1745 vocibus
925 1683 1002 1759 altis,

245 1772 320 1830 Aera
343 1773 526 1839 concutiunt,
548 1770 682 1849 festaque
704 1771 800 1830 lausia
823 1776 942 1830 canunt.
1102 1767 1175 1825 '630

425 1914 938 1985 [svuvunsnunnuueauava
1271 1883 1274 1955 l

205 2019 286 2082 Vidit
306 2027 339 2081 ut
360 2020 488 2095 Atrides,
511 2020 582 2098 quid
606 2023 685 2082 enim
708 2038 766 2082 uon
789 2019 839 2080 ille
862 2020 983 2088 videret,

245 2105 335 2183 Cujus
359 2107 388 2166 ln
413 2105 538 2165 arbitrio
560 2105 684 2166 Graecia
706 2113 770 2167 totu
792 2104 863 2173 luit;

205 2186 325 2266 Trojam
349 2189 541 2259 destructam,
564 2191 663 2250 finitos
686 2206 751 2251 esse
773 2188 905 2257 labores:

247 2274 362 2350 Cogitat
384 2275 414 2334 in
438 2275 576 2352 proprios
599 2274 643 2334 vel
665 2291 800 2334 remeare
822 2273 909 2334 lares.

204 2356 247 2419 dd
271 2365 357 2418 notos
380 2359 468 2417 etiam
492 2356 640 2419 desiderat
663 2360 708 2418 ire
731 2366 854 2436 penates

247 2442 360 2503 Graeca
383 2441 520 2519 phalanx,
544 2444 627 2506 aunis
650 2441 766 2502 exiliata
791 2442 905 2502 decern.

205 2524 229 2586 0
253 2527 367 2604 patriae
390 2525 486 2586 natale
510 2525 616 2587 decus!
639 2529 681 2587 sic
704 2524 799 2586 allicis
820 2543 934 2594 omnes,

247 2607 325 2672 Exul
347 2612 393 2670 vix
419 2612 528 2688 poterit
549 2611 706 2671 immemor
729 2628 793 2670 esse
816 2607 869 2671 tui.

204 2694 391 2754 Conveniunt
414 2692 505 2770 aliqui
526 2691 586 2772 jam
610 2702 744 2773 tempora
768 2701 850 2754 ceria
873 2693 981 2760 daturi,

245 2777 370 2848 Quando
392 2777 520 2856 peteuda
544 2776 641 2837 loreut
662 2777 755 2856 patria
779 2786 856 2839 tecta
879 2777 945 2838 sibi.
1121 2785 1170 2833 640
1270 2801 1271 2835 v

205 2931 407 2938 m——q-

272 3013 331 3061 616.
349 3011 437 3065 schol.
457 3017 571 3078 propter
590 3013 690 3077 ignem.
763 3015 823 3064 625.
842 3011 901 3062 eod.
920 3009 1171 3075 conglomerantur.

202 3079 261 3128 630.
282 3078 356 3128 testa
374 3085 486 3134 canunt.
522 3080 574 3130 Ov.
594 3081 671 3135 Post.
691 3079 742 3143 ΙΙΙ,
761 3096 786 3130 v.
806 3082 863 3133 714.
950 3080 1010 3129 631.
1030 3079 1071 3129 32.
1091 3076 1170 3128 Ovid.
1269 3089 1270 3129 l

202 3145 313 3196 Remed.
331 3147 390 3197 467.
408 3148 450 3198 66.
499 3146 576 3196 Vidit
594 3146 622 3195 id
640 3147 759 3198 Atridas.
780 3147 846 3213 quid
863 3147 936 3197 enim
955 3152 1009 3196 eto.

202 3215 264 3263 637.
282 3212 375 3264 Gualt.
394 3213 543 3264 Alexandr.
562 3214 583 3275 1,
601 3215 651 3264 365

355 3279 378 3330 0
397 3282 505 3348 patriae
524 3280 625 3331 uctclis
644 3297 720 3332 amor
737 3282 779 3332 sic
798 3281 891 3332 allicis
908 3294 1003 3332 omues

202 3349 260 3402 638.
278 3345 328 3399 Ov.
349 3363 373 3401 e.
393 3347 473 3400 Pont.
492 3349 515 3410 l,
533 3351 558 3409 3,
577 3350 618 3398 36.
636 3351 678 3398 36.

340 3415 442 3466 Nescio
462 3416 514 3480 qut
532 3415 627 3465 natale
646 3415 734 3466 solum
752 3415 899 3466 dulcedine
918 3420 1014 3479 captos
1267 3449 1268 3454 =

372 3482 464 3544 Ducit,
485 3487 513 3532 et
531 3483 700 3533 immemores
718 3498 772 3534 non
791 3483 857 3533 sinit
876 3497 937 3532 esse
956 3481 1008 3531 sui.
