<?xml version="1.0" encoding="UTF-8"?>
<!DOCTYPE html PUBLIC "-//W3C//DTD XHTML 1.0 Transitional//EN"
    "http://www.w3.org/TR/xhtml1/DTD/xhtml1-transitional.dtd">
<html xmlns="http://www.w3.org/1999/xhtml" xml:lang="en" lang="en">
 <head>
  <title>
</title>
<meta http-equiv="Content-Type" content="text/html;charset=utf-8" />
  <meta name='ocr-system' content='tesseract 3.04.00' />
  <meta name='ocr-capabilities' content='ocr_page ocr_carea ocr_par ocr_line ocrx_word'/>
</head>
<body>
  <div class='ocr_page' id='page_1' title='image "./troilusalbertis02albegoog_0010.png"; bbox 0 0 2592 3978; ppageno 0'>
   <div class='ocr_carea' id='block_1_1' title="bbox 482 836 759 910">
    <p class='ocr_par' dir='ltr' id='par_1_1' title="bbox 482 836 759 910">
     <span class='ocr_line' id='line_1_1' title="bbox 482 836 759 910; baseline 0 0"><span class='ocrx_word' id='word_1_1' title='bbox 482 836 759 910; x_wconf 82' lang='lat' dir='ltr'><strong>PRAEFATIO.</strong></span> 
     </span>
    </p>
   </div>
   <div class='ocr_carea' id='block_1_2' title="bbox 130 1021 1108 3541">
    <p class='ocr_par' dir='ltr' id='par_1_2' title="bbox 130 1021 1106 2849">
     <span class='ocr_line' id='line_1_2' title="bbox 224 1021 1105 1100; baseline -0.003 -16"><span class='ocrx_word' id='word_1_2' title='bbox 224 1023 366 1100; x_wconf 79' lang='lat' dir='ltr'><strong>Magister</strong></span> <span class='ocrx_word' id='word_1_3' title='bbox 395 1022 536 1083; x_wconf 73' lang='lat' dir='ltr'>albertus</span> <span class='ocrx_word' id='word_1_4' title='bbox 564 1022 728 1084; x_wconf 89' lang='lat' dir='ltr'>monachus</span> <span class='ocrx_word' id='word_1_5' title='bbox 756 1021 871 1082; x_wconf 84' lang='lat' dir='ltr'>ordinis</span> <span class='ocrx_word' id='word_1_6' title='bbox 893 1024 988 1082; x_wconf 91' lang='lat' dir='ltr'>sancti</span> <span class='ocrx_word' id='word_1_7' title='bbox 1011 1023 1105 1083; x_wconf 91' lang='lat' dir='ltr'>Bene-</span> 
     </span>
     <span class='ocr_line' id='line_1_3' title="bbox 140 1105 1106 1186; baseline -0.002 -18"><span class='ocrx_word' id='word_1_8' title='bbox 140 1108 214 1168; x_wconf 87' lang='lat' dir='ltr'>dicti</span> <span class='ocrx_word' id='word_1_9' title='bbox 241 1125 258 1166; x_wconf 91' lang='lat' dir='ltr'>e</span> <span class='ocrx_word' id='word_1_10' title='bbox 286 1124 396 1184; x_wconf 79' lang='lat' dir='ltr'>genere</span> <span class='ocrx_word' id='word_1_11' title='bbox 425 1105 542 1185; x_wconf 85' lang='lat' dir='ltr'>plebejo</span> <span class='ocrx_word' id='word_1_12' title='bbox 571 1107 714 1168; x_wconf 88' lang='lat' dir='ltr'>oriundus</span> <span class='ocrx_word' id='word_1_13' title='bbox 744 1114 871 1166; x_wconf 83' lang='lat' dir='ltr'>exeunte</span> <span class='ocrx_word' id='word_1_14' title='bbox 898 1105 1016 1167; x_wconf 90' lang='lat' dir='ltr'>saeculo</span> <span class='ocrx_word' id='word_1_15' title='bbox 1039 1114 1106 1186; x_wconf 87' lang='lat' dir='ltr'>post</span> 
     </span>
     <span class='ocr_line' id='line_1_4' title="bbox 138 1189 1104 1269; baseline -0.003 -16"><span class='ocrx_word' id='word_1_16' title='bbox 138 1191 249 1253; x_wconf 82' lang='lat' dir='ltr'>Christ.</span> <span class='ocrx_word' id='word_1_17' title='bbox 274 1200 332 1252; x_wconf 86' lang='lat' dir='ltr'>nat.</span> <span class='ocrx_word' id='word_1_18' title='bbox 358 1189 410 1250; x_wconf 91' lang='lat' dir='ltr'>Xll</span> <span class='ocrx_word' id='word_1_19' title='bbox 433 1193 463 1250; x_wconf 90' lang='lat' dir='ltr'>in</span> <span class='ocrx_word' id='word_1_20' title='bbox 488 1190 644 1252; x_wconf 83' lang='lat' dir='ltr'>Germania</span> <span class='ocrx_word' id='word_1_21' title='bbox 668 1189 893 1269; x_wconf 80' lang='lat' dir='ltr'>septentrionali</span> <span class='ocrx_word' id='word_1_22' title='bbox 915 1190 1030 1251; x_wconf 79' lang='lat' dir='ltr'>videtur</span> <span class='ocrx_word' id='word_1_23' title='bbox 1053 1208 1104 1250; x_wconf 93' lang='lat' dir='ltr'>na·</span> 
     </span>
     <span class='ocr_line' id='line_1_5' title="bbox 140 1272 1105 1346; baseline -0.002 -10"><span class='ocrx_word' id='word_1_24' title='bbox 140 1285 191 1336; x_wconf 89' lang='lat' dir='ltr'>tus</span> <span class='ocrx_word' id='word_1_25' title='bbox 213 1292 289 1336; x_wconf 89' lang='lat' dir='ltr'>esse.</span> <span class='ocrx_word' id='word_1_26' title='bbox 334 1275 399 1346; x_wconf 87' lang='lat' dir='ltr'>Quo</span> <span class='ocrx_word' id='word_1_27' title='bbox 423 1281 520 1335; x_wconf 90' lang='lat' dir='ltr'>tamen</span> <span class='ocrx_word' id='word_1_28' title='bbox 542 1275 609 1336; x_wconf 90' lang='lat' dir='ltr'>loco</span> <span class='ocrx_word' id='word_1_29' title='bbox 630 1273 737 1335; x_wconf 90' lang='lat' dir='ltr'>litteris</span> <span class='ocrx_word' id='word_1_30' title='bbox 758 1272 945 1344; x_wconf 78' lang='lat' dir='ltr'>incubuerit,</span> <span class='ocrx_word' id='word_1_31' title='bbox 969 1273 1019 1334; x_wconf 93' lang='lat' dir='ltr'>ubi</span> <span class='ocrx_word' id='word_1_32' title='bbox 1042 1293 1105 1335; x_wconf 92' lang='lat' dir='ltr'>ma·</span> 
     </span>
     <span class='ocr_line' id='line_1_6' title="bbox 138 1357 1104 1437; baseline 0 -19"><span class='ocrx_word' id='word_1_33' title='bbox 138 1360 262 1437; x_wconf 78' lang='lat' dir='ltr'>gislerio</span> <span class='ocrx_word' id='word_1_34' title='bbox 291 1366 414 1419; x_wconf 88' lang='lat' dir='ltr'>ornatus</span> <span class='ocrx_word' id='word_1_35' title='bbox 442 1361 495 1429; x_wconf 89' lang='lat' dir='ltr'>sit,</span> <span class='ocrx_word' id='word_1_36' title='bbox 525 1376 583 1420; x_wconf 93' lang='lat' dir='ltr'>non</span> <span class='ocrx_word' id='word_1_37' title='bbox 612 1366 735 1420; x_wconf 89' lang='lat' dir='ltr'>constat.</span> <span class='ocrx_word' id='word_1_38' title='bbox 781 1357 805 1418; x_wconf 83' lang='grc' dir='ltr'><strong>Ε</strong></span> <span class='ocrx_word' id='word_1_39' title='bbox 834 1361 932 1437; x_wconf 82' lang='lat' dir='ltr'>sagaci</span> <span class='ocrx_word' id='word_1_40' title='bbox 955 1357 1027 1420; x_wconf 91' lang='lat' dir='ltr'>clari</span> <span class='ocrx_word' id='word_1_41' title='bbox 1049 1360 1104 1418; x_wconf 91' lang='lat' dir='ltr'>viri</span> 
     </span>
     <span class='ocr_line' id='line_1_7' title="bbox 138 1441 1104 1522; baseline -0.002 -18"><span class='ocrx_word' id='word_1_42' title='bbox 138 1441 366 1522; x_wconf 86' lang='lat' dir='ltr'>Lappenbergii‚</span> <span class='ocrx_word' id='word_1_43' title='bbox 391 1460 471 1503; x_wconf 92' lang='lat' dir='ltr'>nunc</span> <span class='ocrx_word' id='word_1_44' title='bbox 493 1442 641 1511; x_wconf 77' lang='lat' dir='ltr'>defuncti,</span> <span class='ocrx_word' id='word_1_45' title='bbox 671 1444 817 1504; x_wconf 88' lang='lat' dir='ltr'>sententia</span> <span class='ocrx_word' id='word_1_46' title='bbox 840 1451 944 1504; x_wconf 88' lang='lat' dir='ltr'>noster</span> <span class='ocrx_word' id='word_1_47' title='bbox 965 1442 1104 1503; x_wconf 80' lang='lat' dir='ltr'>Albertus</span> 
     </span>
     <span class='ocr_line' id='line_1_8' title="bbox 139 1525 1106 1606; baseline -0.002 -18"><span class='ocrx_word' id='word_1_48' title='bbox 139 1529 281 1604; x_wconf 85' lang='lat' dir='ltr'>magister</span> <span class='ocrx_word' id='word_1_49' title='bbox 313 1526 363 1587; x_wconf 93' lang='lat' dir='ltr'>ille</span> <span class='ocrx_word' id='word_1_50' title='bbox 390 1526 528 1589; x_wconf 74' lang='lat' dir='ltr'>Albanus</span> <span class='ocrx_word' id='word_1_51' title='bbox 556 1527 592 1588; x_wconf 91' lang='lat' dir='ltr'>de</span> <span class='ocrx_word' id='word_1_52' title='bbox 620 1525 740 1588; x_wconf 86' lang='lat' dir='ltr'>llamslo</span> <span class='ocrx_word' id='word_1_53' title='bbox 767 1525 884 1587; x_wconf 90' lang='lat' dir='ltr'>videtur</span> <span class='ocrx_word' id='word_1_54' title='bbox 912 1527 1020 1596; x_wconf 86' lang='lat' dir='ltr'>fuisse,</span> <span class='ocrx_word' id='word_1_55' title='bbox 1053 1529 1106 1606; x_wconf 89' lang='lat' dir='ltr'>qui</span> 
     </span>
     <span class='ocr_line' id='line_1_9' title="bbox 139 1607 1103 1694; baseline 0 -24"><span class='ocrx_word' id='word_1_56' title='bbox 139 1613 219 1672; x_wconf 92' lang='lat' dir='ltr'>inter</span> <span class='ocrx_word' id='word_1_57' title='bbox 234 1611 412 1671; x_wconf 89' lang='lat' dir='ltr'>Bremenses</span> <span class='ocrx_word' id='word_1_58' title='bbox 435 1613 593 1672; x_wconf 92' lang='lat' dir='ltr'>canonicos</span> <span class='ocrx_word' id='word_1_59' title='bbox 615 1613 645 1670; x_wconf 93' lang='lat' dir='ltr'>in</span> <span class='ocrx_word' id='word_1_60' title='bbox 669 1611 770 1694; x_wconf 84' lang='lat' dir='ltr'>charta</span> <span class='ocrx_word' id='word_1_61' title='bbox 791 1613 861 1672; x_wconf 93' lang='lat' dir='ltr'>anni</span> <span class='ocrx_word' id='word_1_62' title='bbox 879 1607 962 1672; x_wconf 84' lang='lat'>1224</span> <span class='ocrx_word' id='word_1_63' title='bbox 976 1610 1004 1672; x_wconf 89' lang='lat' dir='ltr'>d.</span> <span class='ocrx_word' id='word_1_64' title='bbox 1021 1612 1103 1672; x_wconf 90' lang='lat' dir='ltr'>Junii</span> 
     </span>
     <span class='ocr_line' id='line_1_10' title="bbox 139 1692 1104 1773; baseline 0 -19"><span class='ocrx_word' id='word_1_65' title='bbox 139 1692 182 1756; x_wconf 91' lang='grc'>23</span> <span class='ocrx_word' id='word_1_66' title='bbox 205 1694 271 1755; x_wconf 86' lang='lat' dir='ltr'>data</span> <span class='ocrx_word' id='word_1_67' title='bbox 301 1697 509 1773; x_wconf 85' lang='lat' dir='ltr'>„praepositus</span> <span class='ocrx_word' id='word_1_68' title='bbox 531 1695 753 1757; x_wconf 88' lang='lat' dir='ltr'>llamsloensis“</span> <span class='ocrx_word' id='word_1_69' title='bbox 783 1696 953 1764; x_wconf 84' lang='lat' dir='ltr'>nominatur</span> <span class='ocrx_word' id='word_1_70' title='bbox 982 1703 1012 1758; x_wconf 91' lang='lat' dir='ltr'>et</span> <span class='ocrx_word' id='word_1_71' title='bbox 1034 1695 1104 1755; x_wconf 91' lang='lat' dir='ltr'>inde</span> 
     </span>
     <span class='ocr_line' id='line_1_11' title="bbox 142 1775 1105 1858; baseline -0.001 -19"><span class='ocrx_word' id='word_1_72' title='bbox 142 1778 180 1839; x_wconf 92' lang='lat' dir='ltr'>ab</span> <span class='ocrx_word' id='word_1_73' title='bbox 210 1796 287 1840; x_wconf 93' lang='lat' dir='ltr'>auno</span> <span class='ocrx_word' id='word_1_74' title='bbox 312 1775 394 1839; x_wconf 87' lang='grc'>1206</span> <span class='ocrx_word' id='word_1_75' title='bbox 422 1780 554 1858; x_wconf 80' lang='lat' dir='ltr'>magistri</span> <span class='ocrx_word' id='word_1_76' title='bbox 582 1778 668 1841; x_wconf 89' lang='lat' dir='ltr'>titulo</span> <span class='ocrx_word' id='word_1_77' title='bbox 697 1798 757 1840; x_wconf 94' lang='lat' dir='ltr'>non</span> <span class='ocrx_word' id='word_1_78' title='bbox 786 1780 902 1858; x_wconf 81' lang='lat' dir='ltr'>adjecto</span> <span class='ocrx_word' id='word_1_79' title='bbox 926 1797 1105 1840; x_wconf 86' lang='lat' dir='ltr'>commemo-</span> 
     </span>
     <span class='ocr_line' id='line_1_12' title="bbox 141 1862 1105 1943; baseline 0 -21"><span class='ocrx_word' id='word_1_80' title='bbox 141 1872 237 1924; x_wconf 63' lang='lat' dir='ltr'>ratur,</span> <span class='ocrx_word' id='word_1_81' title='bbox 283 1863 454 1924; x_wconf 84' lang='lat' dir='ltr'>Monosterii</span> <span class='ocrx_word' id='word_1_82' title='bbox 468 1873 588 1925; x_wconf 90' lang='lat' dir='ltr'>sanctae</span> <span class='ocrx_word' id='word_1_83' title='bbox 604 1864 715 1925; x_wconf 86' lang='lat' dir='ltr'>Mariae</span> <span class='ocrx_word' id='word_1_84' title='bbox 737 1862 891 1924; x_wconf 81' lang='lat' dir='ltr'>stadensis</span> <span class='ocrx_word' id='word_1_85' title='bbox 913 1865 996 1943; x_wconf 89' lang='lat' dir='ltr'>prior</span> <span class='ocrx_word' id='word_1_86' title='bbox 1012 1865 1105 1923; x_wconf 88' lang='lat' dir='ltr'>factus</span> 
     </span>
     <span class='ocr_line' id='line_1_13' title="bbox 140 1943 1106 2026; baseline 0 -20"><span class='ocrx_word' id='word_1_87' title='bbox 140 1949 171 2007; x_wconf 94' lang='lat' dir='ltr'>in</span> <span class='ocrx_word' id='word_1_88' title='bbox 202 1946 409 2026; x_wconf 70' lang='lat' dir='ltr'>christophori</span> <span class='ocrx_word' id='word_1_89' title='bbox 441 1945 556 2008; x_wconf 89' lang='lat' dir='ltr'>abbatis</span> <span class='ocrx_word' id='word_1_90' title='bbox 578 1966 602 2008; x_wconf 90' lang='lat' dir='ltr'>a.</span> <span class='ocrx_word' id='word_1_91' title='bbox 628 1947 656 2009; x_wconf 93' lang='lat' dir='ltr'>d.</span> <span class='ocrx_word' id='word_1_92' title='bbox 678 1945 709 2008; x_wconf 89' lang='grc'>4.</span> <span class='ocrx_word' id='word_1_93' title='bbox 731 1947 795 2010; x_wconf 88' lang='lat' dir='ltr'>Kal.</span> <span class='ocrx_word' id='word_1_94' title='bbox 817 1948 891 2025; x_wconf 76' lang='lat' dir='ltr'>Aug.</span> <span class='ocrx_word' id='word_1_95' title='bbox 923 1966 1000 2008; x_wconf 90' lang='lat' dir='ltr'>anno</span> <span class='ocrx_word' id='word_1_96' title='bbox 1025 1943 1106 2008; x_wconf 83' lang='lat'><strong>1232</strong></span> 
     </span>
     <span class='ocr_line' id='line_1_14' title="bbox 141 2029 1103 2109; baseline 0.002 -19"><span class='ocrx_word' id='word_1_97' title='bbox 141 2030 272 2091; x_wconf 81' lang='lat' dir='ltr'>defuncti</span> <span class='ocrx_word' id='word_1_98' title='bbox 294 2029 392 2091; x_wconf 91' lang='lat' dir='ltr'>locum</span> <span class='ocrx_word' id='word_1_99' title='bbox 414 2034 557 2094; x_wconf 89' lang='lat' dir='ltr'>successit</span> <span class='ocrx_word' id='word_1_100' title='bbox 585 2041 614 2093; x_wconf 88' lang='lat' dir='ltr'>et</span> <span class='ocrx_word' id='word_1_101' title='bbox 636 2051 652 2092; x_wconf 94' lang='lat' dir='ltr'>a</span> <span class='ocrx_word' id='word_1_102' title='bbox 674 2031 820 2094; x_wconf 88' lang='lat' dir='ltr'>Balduino</span> <span class='ocrx_word' id='word_1_103' title='bbox 843 2031 982 2094; x_wconf 88' lang='lat' dir='ltr'>Livoniae</span> <span class='ocrx_word' id='word_1_104' title='bbox 1005 2030 1103 2109; x_wconf 85' lang='lat' dir='ltr'>legato</span> 
     </span>
     <span class='ocr_line' id='line_1_15' title="bbox 141 2112 1105 2178; baseline 0.002 -4"><span class='ocrx_word' id='word_1_105' title='bbox 141 2114 294 2176; x_wconf 91' lang='lat' dir='ltr'>ordinatus</span> <span class='ocrx_word' id='word_1_106' title='bbox 323 2124 377 2176; x_wconf 90' lang='lat' dir='ltr'>est.</span> <span class='ocrx_word' id='word_1_107' title='bbox 423 2118 507 2176; x_wconf 78' lang='lat' dir='ltr'>Anno</span> <span class='ocrx_word' id='word_1_108' title='bbox 537 2112 620 2178; x_wconf 89' lang='grc'><strong>1234</strong></span> <span class='ocrx_word' id='word_1_109' title='bbox 652 2118 765 2177; x_wconf 91' lang='lat' dir='ltr'>curiam</span> <span class='ocrx_word' id='word_1_110' title='bbox 800 2115 962 2177; x_wconf 82' lang='lat' dir='ltr'>Romanam</span> <span class='ocrx_word' id='word_1_111' title='bbox 995 2115 1105 2176; x_wconf 88' lang='lat' dir='ltr'>adiisse</span> 
     </span>
     <span class='ocr_line' id='line_1_16' title="bbox 143 2199 1104 2278; baseline 0.001 -19"><span class='ocrx_word' id='word_1_112' title='bbox 143 2207 230 2278; x_wconf 89' lang='lat' dir='ltr'>atque</span> <span class='ocrx_word' id='word_1_113' title='bbox 253 2201 380 2260; x_wconf 79' lang='lat' dir='ltr'>fratrum</span> <span class='ocrx_word' id='word_1_114' title='bbox 403 2201 551 2260; x_wconf 88' lang='lat' dir='ltr'>minorum</span> <span class='ocrx_word' id='word_1_115' title='bbox 574 2199 710 2261; x_wconf 88' lang='lat' dir='ltr'>ordinem</span> <span class='ocrx_word' id='word_1_116' title='bbox 733 2201 890 2261; x_wconf 85' lang='lat' dir='ltr'>intravisse</span> <span class='ocrx_word' id='word_1_117' title='bbox 912 2203 977 2278; x_wconf 91' lang='lat' dir='ltr'>ipse</span> <span class='ocrx_word' id='word_1_118' title='bbox 999 2200 1029 2260; x_wconf 92' lang='lat' dir='ltr'>in</span> <span class='ocrx_word' id='word_1_119' title='bbox 1053 2218 1104 2260; x_wconf 89' lang='lat' dir='ltr'>an·</span> 
     </span>
     <span class='ocr_line' id='line_1_17' title="bbox 142 2280 1101 2353; baseline -0.001 -10"><span class='ocrx_word' id='word_1_120' title='bbox 142 2281 258 2344; x_wconf 92' lang='lat' dir='ltr'>nalibus</span> <span class='ocrx_word' id='word_1_121' title='bbox 286 2283 322 2343; x_wconf 90' lang='lat' dir='ltr'>ad</span> <span class='ocrx_word' id='word_1_122' title='bbox 352 2301 420 2344; x_wconf 89' lang='lat' dir='ltr'>ann.</span> <span class='ocrx_word' id='word_1_123' title='bbox 453 2280 535 2345; x_wconf 88' lang='grc'><strong>1240</strong></span> <span class='ocrx_word' id='word_1_124' title='bbox 562 2291 681 2352; x_wconf 90' lang='lat' dir='ltr'>narrat,</span> <span class='ocrx_word' id='word_1_125' title='bbox 714 2284 750 2344; x_wconf 95' lang='lat' dir='ltr'>de</span> <span class='ocrx_word' id='word_1_126' title='bbox 777 2285 884 2345; x_wconf 89' lang='lat' dir='ltr'>itinere</span> <span class='ocrx_word' id='word_1_127' title='bbox 911 2282 961 2342; x_wconf 94' lang='lat' dir='ltr'>illo</span> <span class='ocrx_word' id='word_1_128' title='bbox 991 2291 1101 2353; x_wconf 91' lang='lat' dir='ltr'>tamen,</span> 
     </span>
     <span class='ocr_line' id='line_1_18' title="bbox 130 2364 1103 2446; baseline 0.003 -21"><span class='ocrx_word' id='word_1_129' title='bbox 130 2366 220 2446; x_wconf 91' lang='lat' dir='ltr'>·quod</span> <span class='ocrx_word' id='word_1_130' title='bbox 241 2364 375 2428; x_wconf 91' lang='lat' dir='ltr'>nonnulli</span> <span class='ocrx_word' id='word_1_131' title='bbox 398 2385 467 2429; x_wconf 87' lang='lat' dir='ltr'>eum</span> <span class='ocrx_word' id='word_1_132' title='bbox 492 2385 569 2428; x_wconf 93' lang='lat' dir='ltr'>anno</span> <span class='ocrx_word' id='word_1_133' title='bbox 594 2364 675 2429; x_wconf 90' lang='grc'><strong>1238</strong></span> <span class='ocrx_word' id='word_1_134' title='bbox 705 2386 772 2428; x_wconf 91' lang='lat' dir='ltr'>cum</span> <span class='ocrx_word' id='word_1_135' title='bbox 795 2366 930 2446; x_wconf 71' lang='lat' dir='ltr'>adolpho</span> <span class='ocrx_word' id='word_1_136' title='bbox 953 2365 1103 2428; x_wconf 89' lang='lat' dir='ltr'>Holsatiae</span> 
     </span>
     <span class='ocr_line' id='line_1_19' title="bbox 144 2450 1104 2521; baseline -0.001 -9"><span class='ocrx_word' id='word_1_137' title='bbox 144 2452 250 2512; x_wconf 88' lang='lat' dir='ltr'>comite</span> <span class='ocrx_word' id='word_1_138' title='bbox 279 2453 385 2512; x_wconf 86' lang='lat' dir='ltr'>fecisse</span> <span class='ocrx_word' id='word_1_139' title='bbox 407 2469 467 2512; x_wconf 93' lang='lat' dir='ltr'>non</span> <span class='ocrx_word' id='word_1_140' title='bbox 490 2450 693 2512; x_wconf 85' lang='lat' dir='ltr'>verisimiliter</span> <span class='ocrx_word' id='word_1_141' title='bbox 714 2452 849 2521; x_wconf 86' lang='lat' dir='ltr'>tradunt,</span> <span class='ocrx_word' id='word_1_142' title='bbox 879 2450 952 2512; x_wconf 87' lang='lat' dir='ltr'>nihil</span> <span class='ocrx_word' id='word_1_143' title='bbox 975 2469 1104 2512; x_wconf 91' lang='lat' dir='ltr'>comme·</span> 
     </span>
     <span class='ocr_line' id='line_1_20' title="bbox 146 2532 1105 2616; baseline 0.001 -21"><span class='ocrx_word' id='word_1_144' title='bbox 146 2543 250 2597; x_wconf 89' lang='lat' dir='ltr'>morat.</span> <span class='ocrx_word' id='word_1_145' title='bbox 292 2535 400 2596; x_wconf 86' lang='lat' dir='ltr'>Munus</span> <span class='ocrx_word' id='word_1_146' title='bbox 429 2535 544 2597; x_wconf 87' lang='lat' dir='ltr'>abbatis</span> <span class='ocrx_word' id='word_1_147' title='bbox 571 2552 638 2596; x_wconf 92' lang='lat' dir='ltr'>ann.</span> <span class='ocrx_word' id='word_1_148' title='bbox 671 2532 753 2596; x_wconf 90' lang='grc'><strong>1242</strong></span> <span class='ocrx_word' id='word_1_149' title='bbox 781 2536 921 2616; x_wconf 86' lang='lat' dir='ltr'>deposuit</span> <span class='ocrx_word' id='word_1_150' title='bbox 948 2544 978 2597; x_wconf 91' lang='lat' dir='ltr'>et</span> <span class='ocrx_word' id='word_1_151' title='bbox 1011 2544 1105 2596; x_wconf 87' lang='lat' dir='ltr'>totum</span> 
     </span>
     <span class='ocr_line' id='line_1_21' title="bbox 144 2617 1104 2681; baseline -0.001 -1"><span class='ocrx_word' id='word_1_152' title='bbox 144 2637 175 2680; x_wconf 91' lang='lat' dir='ltr'>se</span> <span class='ocrx_word' id='word_1_153' title='bbox 196 2617 303 2680; x_wconf 87' lang='lat' dir='ltr'>litteris</span> <span class='ocrx_word' id='word_1_154' title='bbox 326 2626 356 2680; x_wconf 86' lang='lat' dir='ltr'>et</span> <span class='ocrx_word' id='word_1_155' title='bbox 383 2619 491 2681; x_wconf 87' lang='lat' dir='ltr'>studiis</span> <span class='ocrx_word' id='word_1_156' title='bbox 519 2620 609 2681; x_wconf 87' lang='lat' dir='ltr'>dedit.</span> <span class='ocrx_word' id='word_1_157' title='bbox 655 2619 697 2681; x_wconf 86' lang='lat' dir='ltr'>Ile</span> <span class='ocrx_word' id='word_1_158' title='bbox 720 2628 816 2681; x_wconf 87' lang='lat' dir='ltr'>morte</span> <span class='ocrx_word' id='word_1_159' title='bbox 845 2622 907 2681; x_wconf 89' lang='lat' dir='ltr'>eius</span> <span class='ocrx_word' id='word_1_160' title='bbox 930 2618 1006 2680; x_wconf 91' lang='lat' dir='ltr'>nihil</span> <span class='ocrx_word' id='word_1_161' title='bbox 1028 2621 1104 2680; x_wconf 89' lang='lat' dir='ltr'>certi</span> 
     </span>
     <span class='ocr_line' id='line_1_22' title="bbox 144 2700 1105 2795; baseline 0 -31"><span class='ocrx_word' id='word_1_162' title='bbox 144 2710 265 2774; x_wconf 87' lang='lat' dir='ltr'>constat,</span> <span class='ocrx_word' id='word_1_163' title='bbox 290 2711 420 2764; x_wconf 90' lang='lat' dir='ltr'>attamen</span> <span class='ocrx_word' id='word_1_164' title='bbox 443 2705 520 2764; x_wconf 89' lang='lat' dir='ltr'>circa</span> <span class='ocrx_word' id='word_1_165' title='bbox 544 2721 637 2765; x_wconf 92' lang='lat' dir='ltr'>annos</span> <span class='ocrx_word' id='word_1_166' title='bbox 655 2701 745 2766; x_wconf 87' lang='grc'><strong>1264.</strong></span> <span class='ocrx_word' id='word_1_167' title='bbox 773 2700 854 2795; x_wconf 77' lang='grc'><strong>1265</strong></span> <span class='ocrx_word' id='word_1_168' title='bbox 877 2703 1041 2765; x_wconf 89' lang='lat' dir='ltr'>decessisse</span> <span class='ocrx_word' id='word_1_169' title='bbox 1058 2705 1105 2764; x_wconf 92' lang='lat' dir='ltr'>af-</span> 
     </span>
     <span class='ocr_line' id='line_1_23' title="bbox 144 2787 364 2849; baseline 0 -1"><span class='ocrx_word' id='word_1_170' title='bbox 144 2788 261 2848; x_wconf 89' lang='lat' dir='ltr'>firmare</span> <span class='ocrx_word' id='word_1_171' title='bbox 282 2787 364 2849; x_wconf 88' lang='lat' dir='ltr'>licet.</span> 
     </span>
    </p>

    <p class='ocr_par' dir='ltr' id='par_1_3' title="bbox 144 2871 1108 3541">
     <span class='ocr_line' id='line_1_24' title="bbox 226 2871 1106 2954; baseline 0 -22"><span class='ocrx_word' id='word_1_172' title='bbox 226 2871 308 2934; x_wconf 87' lang='lat' dir='ltr'>lnter</span> <span class='ocrx_word' id='word_1_173' title='bbox 342 2871 504 2934; x_wconf 86' lang='lat' dir='ltr'>annalistas</span> <span class='ocrx_word' id='word_1_174' title='bbox 537 2872 626 2933; x_wconf 92' lang='lat' dir='ltr'>medii</span> <span class='ocrx_word' id='word_1_175' title='bbox 660 2875 724 2933; x_wconf 90' lang='lat' dir='ltr'>aevi</span> <span class='ocrx_word' id='word_1_176' title='bbox 760 2890 929 2954; x_wconf 89' lang='lat' dir='ltr'>quanquam</span> <span class='ocrx_word' id='word_1_177' title='bbox 967 2871 1106 2932; x_wconf 78' lang='lat' dir='ltr'>Alherms</span> 
     </span>
     <span class='ocr_line' id='line_1_25' title="bbox 144 2955 1106 3038; baseline 0 -22"><span class='ocrx_word' id='word_1_178' title='bbox 144 2963 324 3016; x_wconf 84' lang='lat' dir='ltr'>nosternon</span> <span class='ocrx_word' id='word_1_179' title='bbox 348 2958 482 3017; x_wconf 86' lang='lat' dir='ltr'>infimum</span> <span class='ocrx_word' id='word_1_180' title='bbox 506 2956 605 3017; x_wconf 92' lang='lat' dir='ltr'>locum</span> <span class='ocrx_word' id='word_1_181' title='bbox 629 2955 758 3027; x_wconf 87' lang='lat' dir='ltr'>obtinet,</span> <span class='ocrx_word' id='word_1_182' title='bbox 783 2957 865 3038; x_wconf 89' lang='lat' dir='ltr'>ejus,</span> <span class='ocrx_word' id='word_1_183' title='bbox 889 2959 1023 3036; x_wconf 90' lang='lat' dir='ltr'>quamvis</span> <span class='ocrx_word' id='word_1_184' title='bbox 1045 2975 1106 3016; x_wconf 88' lang='lat' dir='ltr'>ma·</span> 
     </span>
     <span class='ocr_line' id='line_1_26' title="bbox 144 3039 1106 3120; baseline 0.001 -19"><span class='ocrx_word' id='word_1_185' title='bbox 144 3057 227 3117; x_wconf 79' lang='lat' dir='ltr'>gnam</span> <span class='ocrx_word' id='word_1_186' title='bbox 242 3043 284 3101; x_wconf 81' lang='lat' dir='ltr'>&#39;in</span> <span class='ocrx_word' id='word_1_187' title='bbox 307 3039 462 3102; x_wconf 84' lang='lat' dir='ltr'>annalibus</span> <span class='ocrx_word' id='word_1_188' title='bbox 486 3044 689 3118; x_wconf 82' lang='lat' dir='ltr'>cognitionem</span> <span class='ocrx_word' id='word_1_189' title='bbox 712 3050 845 3102; x_wconf 90' lang='lat' dir='ltr'>veterum</span> <span class='ocrx_word' id='word_1_190' title='bbox 861 3049 1017 3120; x_wconf 88' lang='lat' dir='ltr'>poetarum</span> <span class='ocrx_word' id='word_1_191' title='bbox 1033 3059 1106 3119; x_wconf 89' lang='lat' dir='ltr'>prae</span> 
     </span>
     <span class='ocr_line' id='line_1_27' title="bbox 145 3124 1108 3205; baseline 0.004 -21"><span class='ocrx_word' id='word_1_192' title='bbox 145 3142 174 3184; x_wconf 88' lang='lat' dir='ltr'>se</span> <span class='ocrx_word' id='word_1_193' title='bbox 197 3124 332 3194; x_wconf 89' lang='lat' dir='ltr'>ferentis,</span> <span class='ocrx_word' id='word_1_194' title='bbox 355 3127 483 3202; x_wconf 88' lang='lat' dir='ltr'>facultas</span> <span class='ocrx_word' id='word_1_195' title='bbox 505 3129 622 3205; x_wconf 86' lang='lat' dir='ltr'>poetica</span> <span class='ocrx_word' id='word_1_196' title='bbox 645 3124 767 3202; x_wconf 85' lang='lat' dir='ltr'>longum</span> <span class='ocrx_word' id='word_1_197' title='bbox 789 3145 844 3205; x_wconf 90' lang='lat' dir='ltr'>per</span> <span class='ocrx_word' id='word_1_198' title='bbox 867 3134 985 3205; x_wconf 89' lang='lat' dir='ltr'>tempus</span> <span class='ocrx_word' id='word_1_199' title='bbox 1007 3127 1108 3203; x_wconf 85' lang='lat' dir='ltr'>ignota</span> 
     </span>
     <span class='ocr_line' id='line_1_28' title="bbox 144 3206 1107 3271; baseline 0.003 -4"><span class='ocrx_word' id='word_1_200' title='bbox 144 3206 235 3268; x_wconf 86' lang='lat' dir='ltr'>latuit.</span> <span class='ocrx_word' id='word_1_201' title='bbox 281 3208 368 3270; x_wconf 89' lang='lat' dir='ltr'>Nunc</span> <span class='ocrx_word' id='word_1_202' title='bbox 391 3211 510 3271; x_wconf 92' lang='lat' dir='ltr'>demum</span> <span class='ocrx_word' id='word_1_203' title='bbox 533 3228 601 3271; x_wconf 91' lang='lat' dir='ltr'>eum</span> <span class='ocrx_word' id='word_1_204' title='bbox 624 3209 751 3271; x_wconf 90' lang='lat' dir='ltr'>duorum</span> <span class='ocrx_word' id='word_1_205' title='bbox 775 3211 938 3271; x_wconf 88' lang='lat' dir='ltr'>carminum</span> <span class='ocrx_word' id='word_1_206' title='bbox 955 3219 1107 3271; x_wconf 89' lang='lat' dir='ltr'>auctorem</span> 
     </span>
     <span class='ocr_line' id='line_1_29' title="bbox 146 3292 1106 3375; baseline 0.004 -23"><span class='ocrx_word' id='word_1_207' title='bbox 146 3309 207 3353; x_wconf 90' lang='lat' dir='ltr'>esse</span> <span class='ocrx_word' id='word_1_208' title='bbox 231 3295 350 3362; x_wconf 88' lang='lat' dir='ltr'>scimus,</span> <span class='ocrx_word' id='word_1_209' title='bbox 376 3313 445 3355; x_wconf 91' lang='lat' dir='ltr'>nam</span> <span class='ocrx_word' id='word_1_210' title='bbox 468 3302 587 3374; x_wconf 90' lang='lat' dir='ltr'>praeter</span> <span class='ocrx_word' id='word_1_211' title='bbox 610 3293 755 3364; x_wconf 87' lang='lat' dir='ltr'>Troilum,</span> <span class='ocrx_word' id='word_1_212' title='bbox 779 3294 815 3357; x_wconf 98' lang='lat' dir='ltr'>de</span> <span class='ocrx_word' id='word_1_213' title='bbox 837 3314 897 3375; x_wconf 89' lang='lat' dir='ltr'>quo</span> <span class='ocrx_word' id='word_1_214' title='bbox 920 3313 988 3354; x_wconf 88' lang='lat' dir='ltr'>mox</span> <span class='ocrx_word' id='word_1_215' title='bbox 1011 3292 1106 3374; x_wconf 92' lang='lat' dir='ltr'>plura,</span> 
     </span>
     <span class='ocr_line' id='line_1_30' title="bbox 145 3378 1107 3456; baseline 0.004 -20"><span class='ocrx_word' id='word_1_216' title='bbox 145 3379 173 3437; x_wconf 92' lang='lat' dir='ltr'>in</span> <span class='ocrx_word' id='word_1_217' title='bbox 188 3379 311 3454; x_wconf 87' lang='lat' dir='ltr'>antiquo</span> <span class='ocrx_word' id='word_1_218' title='bbox 328 3378 462 3456; x_wconf 81' lang='lat' dir='ltr'>catalogo</span> <span class='ocrx_word' id='word_1_219' title='bbox 479 3378 678 3440; x_wconf 88' lang='lat' dir='ltr'>bibliothecae</span> <span class='ocrx_word' id='word_1_220' title='bbox 696 3379 993 3447; x_wconf 89' lang='lat' dir='ltr'>Bordesholmieusis,</span> <span class='ocrx_word' id='word_1_221' title='bbox 1018 3396 1107 3456; x_wconf 84' lang='lat' dir='ltr'>quom</span> 
     </span>
     <span class='ocr_line' id='line_1_31' title="bbox 146 3457 1105 3541; baseline 0.004 -21"><span class='ocrx_word' id='word_1_222' title='bbox 146 3457 226 3522; x_wconf 84' lang='lat'>1850</span> <span class='ocrx_word' id='word_1_223' title='bbox 248 3469 350 3523; x_wconf 88' lang='lat' dir='ltr'>nostro</span> <span class='ocrx_word' id='word_1_224' title='bbox 380 3461 469 3523; x_wconf 90' lang='lat' dir='ltr'>libro:</span> <span class='ocrx_word' id='word_1_225' title='bbox 498 3461 808 3533; x_wconf 79' lang='lat' dir='ltr'>„Bibliothelcarische</span> <span class='ocrx_word' id='word_1_226' title='bbox 837 3461 1105 3541; x_wconf 85' lang='lat' dir='ltr'>Unterhaltungen.</span> 
     </span>
    </p>
   </div>
   <div class='ocr_carea' id='block_1_3' title="bbox 0 0 1309 3978">
    <p class='ocr_par' dir='ltr' id='par_1_4' title="bbox 0 0 1309 3978">
     <span class='ocr_line' id='line_1_32' title="bbox 0 0 1309 3978; baseline 0 0"><span class='ocrx_word' id='word_1_227' title='bbox 0 0 1309 3978; x_wconf 95' lang='lat' dir='ltr'> </span> 
     </span>
    </p>
   </div>
  </div>
 </body>
</html>
