2574 3976
209 175 269 240 186
518 181 579 233 Lib.
599 181 645 230 VI.
682 199 708 230 5.
727 183 871 235 551-580.

206 327 295 410 'froja
317 329 396 409 jacet
418 339 500 392 55515
523 332 632 394 Danais
654 335 747 395 invisa
771 332 887 413 puellis,

247 414 308 474 lam
330 413 405 475 bore
428 418 542 495 captivo
564 418 707 495 Pergama
731 421 825 478 515155
847 427 919 480 5551.

205 497 267 558 Sub
291 496 416 577 pedibus
439 498 560 561 55155115
583 520 657 571 eam,
682 519 757 579 quae
779 505 907 564 maxima
931 501 1040 564 dodum

247 582 377 660 Regibus
400 593 429 643 et
451 587 566 662 magnis
588 586 779 664 imperitabat
801 587 891 648 boris.

205 666 373 727 Promeruit
396 675 495 729 nostra
518 685 640 746 magnas
663 674 825 732 constantia
849 670 959 741 laudes,
1121 685 1176 732 555
1206 723 1216 744 ,

245 750 303 811 Ρ55
325 769 379 810 nos
401 753 430 812 in
455 753 553 814 cinere
576 752 665 832 'froja
687 754 800 834 sepulta
821 755 907 835 Jacet.

204 834 261 894 Vos
285 834 367 905 haec,
390 855 442 896 vos
464 838 593 916 inquam.
618 841 739 900 victoria
762 839 893 900 55115515
916 847 983 899 5515

246 919 324 979 Solis
347 918 382 979 ad
406 937 543 982 occasum
567 920 662 984 laudis
686 922 799 985 honore
821 925 906 983 ieret.

203 1002 296 1062 Immo
319 1009 468 1066 terrarum
492 1022 550 1082 quo
572 1012 707 1086 tempore
729 1007 968 1078 55151155551515,

140 1107 142 1111 ’
244 1086 389 1148 Omnibus
412 1090 442 1148 in
464 1087 576 1166 linguis
598 1092 653 1151 iste
676 1092 846 1171 triumphus
869 1095 934 1153 5511.
1119 1103 1174 1152 550

202 1168 321 1247 Troiam
344 1171 460 1242 devicit,
484 1173 654 1244 cantabunt,
679 1173 800 1238 Graecia
823 1178 937 1244 victrix,

245 1252 373 1317 Crimine
397 1273 472 1333 quae
495 1258 611 1320 Paridis
634 1263 666 1322 151
689 1280 788 1340 rogus,
812 1262 883 1322 indo
906 1261 991 1321 cinis.

202 1337 312 1400 Obruta
336 1339 423 1419 Troja
448 1342 534 1403 docet
555 1345 658 1406 mundi
681 1347 750 1425 quid
775 1348 805 1406 in
827 1345 967 1406 omnibus
989 1346 1063 1404 actis

243 1423 295 1484 Est
317 1425 424 1486 virtus:
447 1427 562 1506 piacitis
584 1428 759 1491 abstinuisse
783 1429 877 1490 bonis.

201 1505 409 1568 11115515551115
432 1511 620 1573 5555515551
643 1532 731 1574 55555
754 1515 869 1582 ruinae,
1118 1523 1172 1572 565

244 1596 339 1652 Ausus
362 1592 486 1671 legitimi
510 1595 611 1657 1511555
631 1597 696 1676 jura
721 1599 787 1658 tori.

202 1674 246 1735 Ob
271 1675 384 1738 Paridis
406 1681 548 1755 praedam
571 1682 742 1760 praedatam
766 1680 886 1742 cernitis
907 1680 1023 1751 urbem,
1072 1750 1077 1753 ,

242 1760 296 1819 Hie
319 1761 423 1822 merito
446 1765 532 1834 venit,
555 1766 604 1835 ilia
629 1764 754 1844 maligna
779 1767 843 1826 1511.

200 1841 257 1903 Vos
280 1847 350 1905 istas
372 1845 461 1908 bodie
483 1867 532 1910 res
556 1849 724 1932 diripuistis
746 1850 879 1918 honeste,
1270 1917 1272 1922 ,

242 1928 361 1989 Viribus
384 1932 485 2009 egistis
508 1936 617 2000 omnia,
642 1935 748 1996 fraude
770 1932 855 1995 nihil.
1079 1943 1170 1992 Ι515
1268 1931 1272 1938 “

199 2010 291 2081 Onam
316 2012 401 2081 bene,
426 2016 503 2095 quod
527 2019 666 2096 praedam
690 2029 805 2098 partem
829 2017 971 2094 portastis
993 2020 1024 2076 in
1049 2035 1150 2087 unam,
1272 2015 1273 2024 ’

243 2097 293 2156 Est
315 2100 401 2175 spolii
426 2099 520 2160 danda
545 2104 642 2180 portio
666 2106 772 2184 cuique
796 2119 860 2165 sua.

199 2179 260 2256 His,
284 2181 394 2260 quibus
416 2191 462 2243 est
484 2189 630 2263 promissa
653 2188 734 2255 fides,
759 2195 853 2247 estote
876 2183 986 2259 fideles,

241 2264 335 2326 Fraus
357 2267 449 2328 absit:
476 2286 581 2332 555555
603 2272 703 2332 caedis
726 2269 832 2331 15515515
856 2287 970 2330 manus.

199 2348 298 2409 Laudo
321 2369 381 2419 vos,
405 2351 509 2420 sedin
532 2355 589 2416 boo
612 2372 671 2430 non
694 2355 792 2421 laudo,
817 2353 905 2414 551115
929 2353 1039 2414 eisdem
1116 2365 1168 2413 555

241 2433 350 2495 Stricta
373 2437 549 2513 promissam
572 2441 597 2498 si
619 2448 766 2502 temerare
788 2437 887 2499 fidem.

199 2517 231 2576 Si
254 2521 293 2578 sit
315 2529 481 2582 contactum
505 2525 661 2602 quiequam
686 2526 722 2584 de
745 2522 837 2584 rebus
860 2539 973 2592 eorum,

240 2601 392 2665 Reddatur
414 2610 543 2682 penitus,
570 2611 667 2669 omnis
690 2608 792 2668 abesto
816 2607 910 2668 dotus.

198 2685 313 2748 Aeneas
335 2697 453 2750 maneat
475 2709 542 2750 cum
569 2691 779 2772 Polydamante
801 2693 927 2770 quietus,

239 2770 291 2831 His
313 2781 377 2832 erat
399 2772 545 2851 doalegon
573 2783 602 2836 et
624 2794 723 2836 comes
745 2777 808 2855 ipse
832 2774 942 2842 Dolon;
1115 2784 1168 2832 580

195 2879 398 2892 Ἣ

263 2925 322 2973 551.
345 2923 464 2974 imitatio
484 2923 580 2974 Sabini
600 2927 626 2980 Ι.
653 2927 699 2975 tn:

347 3006 402 3040 non
420 3007 463 3041 me
482 2991 566 3055 Troje
580 2997 662 3043 ‚tenet
681 2992 774 3054 urajts
793 2991 889 3043 odiosa
908 2991 1018 3056 puellis.

196 3059 256 3108 552.
276 3057 362 3111 schol.
381 3058 512 3123 possibile
530 3061 615 3124 pouit.
633 3059 713 3112 ovid.
732 3059 844 3110 Heroid.
863 3059 885 3121 1,
905 3060 945 3109 51.
965 3061 1007 3110 52.

400 3153 430 3162 -
450 3153 481 3162 -
499 3153 532 3162 -
550 3129 599 3177 uni
616 3128 684 3177 mihi
701 3128 838 3192 Pergamo
855 3130 976 3186 rostont3

357 3194 454 3244 Incola
471 3194 582 3259 captivo
600 3209 670 3259 qnae
690 3195 759 3245 bore
777 3195 868 3245 vietor
885 3199 955 3246 5551.

196 3261 254 3310 ost.
291 3258 386 3310 Ovidii
413 3264 456 3311 est
478 3262 590 3316 Heroid
614 3259 703 3318 XVII.
727 3261 768 3312 98.
880 3262 938 3312 565.
965 3259 1049 3311 schol.
1076 3261 1167 3321 Paris,

195 3328 255 3376 5116.
274 3325 326 3377 05,
344 3328 409 3376 Her.
428 3328 501 3390 XVI,
521 3330 572 3378 284

398 3393 537 3460 Castaque
556 3395 676 3460 legitimi
694 3394 793 3444 1511555
809 3392 874 3456 jura
892 3395 947 3444 tori

195 3461 255 3511 511.
274 3459 360 3510 schol.
381 3476 406 3524 q.
424 3461 451 3514 b.
472 3463 580 3512 fecistis
599 3465 628 3511 in
646 3462 711 3512 hoc:
764 3463 822 3514 514,
843 3461 922 3511 Orid.
936 3462 988 3511 Ars
1000 3461 1059 3511 Am.
1070 3460 1091 3522 1,
1107 3463 1168 3512 642.
