2574 3976
428 180 489 234 nra.
507 180 554 230 vr.
590 155 615 230 l.
635 183 777 262 soi-aso.

380 375 572 446 [utrumme
588 377 637 431 An
656 378 829 448 inunum]

7 527 9 532 ·
122 484 210 546 Mittit
232 483 267 545 ad
290 482 420 545 Aeneam
444 501 510 543 cnm
535 482 744 562 Polydamante
766 485 898 546 Sinonen

7 565 9 592 ¹
164 568 237 637 ilex,
260 587 325 628 rem
348 587 407 628 non
430 566 520 628 dubia
543 568 709 629 certificare
731 576 809 630 nota.

121 651 260 726 Postulat
282 661 315 714 nt
336 653 464 730 signum,
487 651 572 712 locus
594 655 764 732 assignetur
786 663 816 715 et
838 654 912 714 bora

167 733 328 804 Quomodo,
353 735 480 816 quondo,
505 734 619 812 quibus,
644 744 694 798 aut
716 736 767 799 nbi
789 739 840 798 frat
863 756 947 816 opus.

7 859 9 868 ι
122 821 191 881 lstis
214 821 358 880 Anchises
380 820 514 882 interfuit
537 820 661 890 actibus,
685 824 747 882 istis
1037 829 1088 880 265

166 906 312 974 Antenor;
335 904 390 964 luit
411 905 467 966 bos
486 903 588 983 jussus
609 905 693 966 adire
716 907 820 967 Sinon.

288 1049 479 1122 [QUOMODO
498 1051 616 1107 TROJA
634 1051 820 1106 OAPIENDA
838 1052 919 1122 ΒΓΕ]

122 1158 175 1220 Est
195 1156 278 1219 locus
300 1159 331 1217 in
354 1155 454 1237 Troja,
477 1165 534 1218 stat
556 1159 586 1217 in
609 1158 660 1219 illo
683 1164 769 1237 porta
789 1156 894 1235 locata,

165 1241 256 1304 Scaea
278 1241 449 1316 vocabatur,
472 1239 578 1320 ampla,
603 1241 721 1313 decora,
744 1245 854 1302 nitens.

7 1395 8 1406 χ
122 1326 182 1386 Pro
205 1324 328 1405 reliquis
353 1332 416 1385 erat
438 1325 508 1384 bulo
530 1325 667 1404 specialis
690 1324 784 1402 gloria
807 1326 894 1404 signi,

166 1409 238 1469 Post
259 1415 350 1488 caput
370 1409 507 1468 inventor
529 1407 695 1488 sculpserat
716 1409 791 1470 illud
816 1411 892 1486 equi.
1039 1419 1091 1470 260

127 1493 291 1554 Audieram
312 1493 385 1552 socii
408 1490 544 1554 scelerati
567 1493 657 1554 rerba
681 1494 802 1555 Sinonis

168 1578 200 1638 ln
223 1595 298 1657 quae
321 1594 354 1638 sc
377 1577 531 1650 dederant,
554 1585 638 1655 pacta
660 1586 781 1658 patrare
804 1585 919 1657 parant.

126 1662 243 1736 Nostra,
267 1660 372 1721 Sinon!
395 1660 486 1740 ajunt,
511 1663 630 1724 studens
652 1663 841 1742 propendere
863 1662 954 1724 verba

168 1745 250 1822 Regi,
275 1763 350 1825 qnae
372 1745 533 1826 loquimur,
556 1747 753 1825 regrediendo
775 1747 870 1807 roser:

122 1830 205 1890 Hanc
221 1835 349 1908 portam,
372 1837 597 1910 monstrantque
613 1830 681 1900 sibi,
705 1829 906 1893 reserabimus
920 1830 1016 1909 Argis,
1039 1840 1089 1890 265

165 1912 308 1976 Nolumus
329 1912 385 1974 hos
407 1914 474 1975 allis
496 1918 670 1994 apropriare
694 1915 774 1977 locis.

7 2019 8 2036 ¹
124 1997 254 2077 Tempus
277 1997 447 2077 captabunt,
471 1998 566 2059 media
590 2018 710 2079 quoque
732 2007 866 2080 tempora
889 2008 1018 2070 servant,

166 2082 288 2142 Venturi
311 2083 457 2162 siquidem
482 2095 615 2163 tempore
637 2086 734 2145 noctis
755 2092 854 2145 erunt.

126 2165 242 2226 Lumen
265 2168 308 2226 eis
330 2165 467 2227 dabimus
489 2186 543 2247 pro
566 2169 660 2245 signo,
684 2166 796 2229 lumine
819 2171 881 2230 viso

168 2250 305 2327 Protinus
328 2253 359 2310 in
381 2256 497 2329 portam
518 2251 632 2311 Graeca
654 2260 772 2313 caterva
794 2253 874 2313 linat.
1039 2261 1091 2310 270

124 2334 186 2394 Nos
209 2336 322 2394 erimus
345 2342 472 2412 praesto,
496 2334 565 2415 qnid
588 2337 747 2413 agendum,
771 2353 829 2412 quo
852 2337 891 2396 sit
914 2335 1042 2396 eundum

166 2416 374 2478 indubitanter
395 2419 452 2479 erit
474 2420 592 2498 praevia
615 2428 716 2481 nostra
738 2437 852 2480 manus.

123 2503 161 2565 tt
182 2519 236 2561 uos
259 2509 288 2562 et
308 2503 411 2571 nostri,
436 2520 491 2563 nos
513 2510 673 2582 nostraque
694 2521 779 2564 more
801 2511 956 2584 sequestro

170 2585 279 2646 Portae
301 2587 358 2647 iam
381 2585 476 2648 dictae
499 2586 643 2648 stabimus
664 2597 732 2649 ante
754 2588 844 2650 iores.

123 2669 182 2730 Vos
203 2676 320 2749 pactam
343 2679 458 2732 servate
480 2672 578 2743 tidem,
602 2690 660 2733 non
684 2673 813 2749 armiger
835 2671 911 2734 ullus
1039 2682 1090 2732 275

168 2754 325 2833 Contingat
347 2763 465 2818 nostras
487 2775 558 2818 ense
579 2756 626 2817 vel
647 2758 716 2835 igne
739 2757 852 2818 domos.

124 2839 203 2899 Ecce
225 2838 321 2900 locum
344 2839 540 2919 dedimusque
563 2842 618 2902 tibi
640 2859 707 2902 cnm
729 2850 864 2921 tempore
886 2843 1004 2918 signum

166 2922 204 2982 Et
224 2928 321 2983 totum
341 2941 443 2984 rerum
467 2932 496 2984 te
519 2925 658 2986 didicisse
680 2924 814 2985 modum.

123 3007 213 3075 Vade,
237 3005 314 3067 vale:
337 3025 407 3067 cave
431 3025 467 3067 ne
490 3007 608 3079 titubes,
632 3007 828 3088 mandataque
847 3007 978 3086 frangas,
1079 3053 1082 3056 -

166 3094 207 3151 Ac
229 3088 303 3151 nibil
325 3109 361 3150 ex
383 3092 446 3152 istis
470 3093 537 3175 nisi
549 3095 668 3171 pienter
691 3109 770 3170 agas.
1039 3103 1090 3152 280

124 3209 327 3218 ’,ἢ

191 3260 250 3313 264.
268 3258 355 3309 schol.
379 3259 546 3312 traditionis.
649 3262 707 3312 258.
725 3260 784 3318 cod,
803 3258 880 3311 Sota.
903 3260 988 3316 schol.
1007 3260 1089 3312 Alios

123 3331 220 3393 portae
237 3341 293 3377 non
311 3324 452 3378 habebant
468 3329 557 3394 signs,
575 3327 635 3380 ideo
654 3334 738 3394 caput
757 3328 822 3394 equi
839 3326 978 3394 sculptum
994 3330 1089 3381 tuitio

123 3395 180 3445 istc
204 3393 322 3459 speciale
340 3395 456 3459 signum.
560 3398 618 3450 260.
636 3397 720 3448 schol.
740 3401 811 3462 post,
830 3397 849 3450 i.
867 3413 891 3450 e.
909 3397 1090 3448 extrinsecos.

123 3463 181 3512 2⁷9.
200 3461 312 3512 Horatii
329 3467 372 3513 est
389 3463 479 3528 Epist.
497 3465 519 3525 i,
539 3465 581 3526 13,
600 3465 640 3519 19.
