2574 3976
425 189 489 268 pra.
510 190 555 241 ιι.
591 206 616 244 v.
637 192 763 243 ‘ae-104.

119 343 227 405 lllissus
248 340 414 404 Alexander
437 350 483 402 est
504 349 533 403 te
555 341 706 411 suadente,
730 343 842 403 reversi

163 426 310 507 Tyndaris
334 434 378 488 cst
397 425 501 505 juncta
523 444 577 506 per
600 434 649 487 tua
672 426 762 487 verba
785 426 880 487 thoro.

118 512 162 574 An
185 531 245 573 uon
267 513 381 573 Aeneas
403 509 518 572 Paridis
539 512 597 572 luit
616 512 648 571 in
671 513 821 581 comitatu,
909 589 911 594 Ι
1052 519 1086 572 to

161 596 260 667 Quum
282 597 339 657 fuit
361 597 390 656 in
413 603 546 658 nostram
570 603 653 658 recta
674 595 807 656 Lacaena
830 594 968 656 domum?

117 678 233 742 Proelia
257 687 336 741 mota
358 679 441 740 vides
465 686 493 741 et
515 681 620 741 lunera
642 677 723 740 mille
745 681 888 760 peremta,

160 763 328 826 Transtulit
348 764 406 824 huc
428 765 505 824 vires
527 765 652 826 Graecia
676 771 736 825 tota
759 782 843 832 suas;

8 847 10 896 i
118 849 273 910 Innumeri
296 849 433 909 cecidere
456 849 548 909 duces
570 850 725 927 utriusque
748 849 889 918 cohortis,

162 932 236 994 Cum
259 930 346 1010 vulgo
370 932 443 993 nulli
466 950 570 993 mucro
592 934 728 1011 pepercit
749 931 865 994 hero.
1050 942 1086 992 80

8 1071 9 1084 2
119 1015 150 1077 Si
173 1015 250 1078 mala
273 1025 343 1078 sunt
365 1018 421 1078 ista
444 1015 519 1080 maia
533 1019 613 1097 sint,
636 1016 713 1078 bona
736 1020 762 1078 si
784 1016 872 1087 bona,
897 1034 998 1078 verum

161 1102 275 1162 Aeneas
299 1109 327 1162 et
349 1109 382 1162 tu
404 1101 628 1164 confabricastis
650 1120 692 1163 ea.

117 1185 204 1246 Certe
226 1187 252 1246 si
275 1185 350 1246 mala
374 1193 453 1256 sunt,
476 1189 613 1247 incentor
636 1204 668 1246 es
689 1188 754 1265 ipse
777 1184 933 1255 malorum,

159 1268 262 1350 Deque
285 1269 369 1330 malis
391 1273 481 1330 lautis
500 1269 568 1347 J'ure
592 1271 741 1331 vocandus
763 1288 840 1331 eras.

117 1351 262 1414 Mortibus
284 1355 449 1414 innumeris
471 1371 526 1430 per
548 1363 578 1413 tc
601 1353 658 1413 dua
680 1369 774 1430 regna
796 1361 931 1422 ruerunt,
1049 1363 1085 1414 85

158 1431 192 1496 ln
214 1435 343 1498 nibilum
366 1454 421 1514 per
443 1446 471 1498 te
494 1434 583 1514 Troja
605 1436 726 1499 redacta
746 1440 836 1516 jacet.

8 1557 9 1560 =
117 1497 211 1597 Digne
233 1537 288 1600 pro
310 1523 426 1582 meritis
448 1521 574 1582 deberes
597 1523 677 1583 vivus
699 1521 826 1591 humari,

159 1604 217 1666 Tot
238 1606 307 1685 quia
329 1604 460 1666 consiliis
481 1607 623 1667 interiere
646 1607 741 1676 tuis;

27 1699 32 1707 ’
115 1688 178 1749 Nec
199 1690 293 1750 relert
316 1708 354 1751 an
376 1691 424 1750 sis
437 1690 576 1751 mediata
586 1689 633 1750 rel
656 1689 827 1752 immediata

159 1772 252 1835 Causa
275 1774 353 1842 mali,
377 1774 439 1834 sola
460 1772 507 1835 lex
531 1774 567 1835 ad
592 1782 751 1852 utrumque
775 1775 854 1836 lacit.
1049 1785 1085 1834 90

115 1857 182 1918 Non
205 1875 237 1918 es
259 1875 356 1928 causa,
379 1857 431 1918 sed
455 1875 487 1918 es
510 1856 612 1920 nobis
617 1860 733 1920 occasio
757 1858 901 1938 quaedam

158 1940 326 2013 Bellorum;
351 1961 410 2004 non
434 1960 466 2003 es
487 1961 579 2011 arma,
602 1943 654 2005 sed
678 1961 759 2005 arma
783 1960 912 2008 movens.

116 2024 254 2088 Consiliis
276 2027 350 2096 istis,
374 2029 399 2088 si
423 2043 506 2088 mens
528 2045 587 2089 non
609 2027 692 2089 laeva
715 2028 828 2097 inisset,

158 2109 329 2172 Debuerant
350 2127 439 2172 aures
461 2109 638 2185 abstinuisse
661 2129 753 2174 meae.

115 2193 147 2254 Si
170 2191 246 2255 bona
269 2203 338 2255 sunt
360 2197 425 2263 ista,
449 2212 541 2275 quare
564 2197 682 2257 flexisse
704 2197 816 2259 videris
1047 2209 1082 2259 95

159 2279 347 2358 Propositum
371 2280 458 2339 citius
481 2299 496 2340 a
519 2279 651 2343 bonitate
673 2298 791 2358 repens.

117 2363 251 2423 Vinceris
273 2361 323 2422 hic
342 2361 410 2440 jure
433 2367 601 2425 contrarius
622 2365 667 2424 ire
688 2365 793 2444 priori,

160 2445 329 2508 Dissolvunt
349 2453 480 2507 veterem
501 2446 561 2526 jam
586 2465 659 2508 nora
682 2448 770 2509 verba
793 2449 893 2511 fidem.

117 2528 183 2600 Quo
205 2536 322 2591 teneam
344 2531 422 2591 nodo
445 2537 607 2592 mutantem
629 2532 735 2593 Protea
757 2533 874 2594 vultus?

159 2614 201 2674 lle
223 2613 335 2692 duplici
357 2613 449 2674 verbo
473 2616 566 2695 turpis
589 2615 716 2678 habetur
738 2617 834 2680 bomo
1033 2631 1083 2680 loo

8 2729 9 2760 ι
114 2698 301 2778 Propositum
324 2698 453 2778 sepelire
476 2698 586 2762 bonum
610 2718 667 2762 non
692 2701 824 2763 arbitror
846 2721 973 2784 aequum

155 2786 214 2845 dut
235 2781 332 2844 clarae
355 2784 422 2845 delei
446 2784 549 2845 lraude
571 2789 692 2864 nigrare
714 2793 834 2848 statum.

8 2879 9 2884 ’
114 2865 178 2928 Non
202 2869 263 2928 aris
285 2867 398 2928 utiliter
420 2870 537 2940 viscatis
560 2870 665 2948 eilugit
686 2870 752 2940 alia,

156 2951 222 3012 Non
244 2949 322 3012 beue
345 2951 381 3014 de
402 2951 478 3015 laxis
498 2953 613 3014 retibus
636 2957 697 3016 exit
718 2973 800 3034 aper.

112 3205 152 3253 73.
171 3200 256 3255 schol.
276 3217 314 3253 ac.
333 3203 494 3255 Alexandri.
563 3207 603 3255 74.
622 3206 709 3262 schol
727 3206 1077 3265 Halonnesum.

110 3269 235 3336 margine
254 3286 303 3335 pro
321 3270 410 3322 leena.
447 3271 538 3326 Sebol.
556 3273 676 3325 Helena.
733 3277 792 3329 100
810 3273 907 3329 brian.
925 3276 1026 3341 XXIX,
1045 3280 1080 3327 24

289 3338 346 3388 Hic
363 3339 441 3390 erit
433 3340 548 3404 invisus,
568 3341 634 3390 bina
653 3341 726 3407 quod
745 3357 792 3393 ora
811 3347 898 3408 gerat.

111 3405 168 3458 tos.
188 3404 241 3455 elit
258 3421 309 3470 pro
326 3405 388 3456 elia
451 3408 508 3458 10³.
528 3409 552 3458 4.
577 3405 671 3459 Ovidii
688 3413 754 3461 sunt
771 3411 823 3460 Ars
841 3411 899 3466 Am.
918 3413 947 3474 Ι,
965 3413 1023 3462 ael.
1043 3413 1078 3462 92

109 3473 159 3536 qui
175 3475 270 3523 tamen
288 3488 338 3538 pro
355 3470 472 3535 retibus,
492 3475 617 3525 cassibus
635 3475 727 3530 habet.
