2590 3984
524 157 590 219 777.
610 169 645 220 11.
681 183 707 222 v.
726 169 869 220 777-777.

446 363 595 419 ΗΕΟΤΟΒ
612 363 753 418 ARGUI'I'
771 363 948 424 PARIDEM.

214 501 316 563 Titoni
339 520 477 565 croceum
501 501 639 582 linquens
660 506 775 564 Aurora
798 502 899 564 cubile
1131 517 1182 565 775

255 586 335 649 Luce
358 587 566 666 smaragdinea
588 586 757 648 laetificavit
778 587 911 650 humum.

212 672 325 733 Hector
347 680 377 732 et
397 673 513 733 Aeneas
534 671 710 750 procedunt,
735 671 778 731 ala
801 671 948 742 Quiritum

256 754 463 835 Subsequitur,
486 758 621 835 sequitur
642 762 705 816 tota
725 753 845 832 juventa
868 757 1028 835 Phrygum.

212 840 340 900 Pulcher
362 840 530 901 Alexander
553 842 643 901 etiam
664 843 836 918 capitaneus
859 848 934 902 astat

257 923 350 1004 Hujus
372 925 469 1004 imago
491 923 561 985 mali
584 933 666 986 certa
688 926 773 984 ruina
796 923 885 996 boni;
1038 933 1040 938 '
1129 937 1181 986 teo
1267 807 1276 1001 1

213 1007 302 1085 Cujus
325 1016 370 1068 tot
391 1027 552 1087 procerum
574 1010 722 1070 transfixit
744 1006 819 1068 colla
842 1008 942 1070 libido.

254 1092 312 1152 Tot
327 1092 419 1162 mala,
443 1101 489 1153 tot
511 1101 623 1152 mortes
647 1094 720 1154 lecit
740 1093 860 1171 iniquus
882 1111 975 1154 amor.

211 1177 253 1238 Ol
275 1177 400 1246 utinam,
424 1187 495 1238 tuno
518 1193 586 1238 cum
608 1173 832 1239 Lacedaemona
854 1179 948 1238 classe
971 1177 1101 1256 petebat,

255 1259 386 1322 Obrutus
408 1262 521 1322 insanie
543 1260 593 1321 ille
617 1261 722 1324 luisset
743 1263 839 1338 aquis.

134 1388 137 1398 .
212 1346 298 1407 Esset
321 1343 468 1407 adulterio
489 1345 644 1424 praeclara
666 1347 769 1406 nocive
792 1343 885 1406 libido
1125 1358 1179 1407 787

252 1429 466 1508 Mansissetque
490 1431 552 1491 viro
575 1430 703 1490 foemina
726 1429 783 1490 lida
807 1448 870 1499 suo,

211 1513 271 1576 Nec
295 1517 510 1576 successissent
530 1513 689 1575 homicidia
711 1523 802 1582 tanta,
826 1531 882 1574 nec
904 1514 986 1576 orbis

254 1599 306 1659 llis
329 1599 408 1659 loret
428 1598 554 1680 alllictus
576 1598 680 1659 Martis
702 1616 804 1658 amore
828 1598 922 1667 matta

213 1684 270 1743 Sed
295 1702 350 1744 nec
373 1686 404 1743 in
427 1684 551 1744 historia
573 1681 701 1762 Troiana
724 1690 768 1742 tot
790 1683 920 1744 vitiasset

252 1765 340 1827 Nullo
363 1766 497 1846 subjecto
520 1765 621 1828 labula
642 1765 716 1828 tulta
739 1765 843 1828 libros.
1124 1778 1177 1826 777

211 1850 287 1912 117177
308 1853 452 1931 populosa
475 1859 574 1914 tamen
598 1851 687 1911 hodie
709 1851 835 1912 77777777
857 1861 999 1921 maneret,

250 1933 424 2016 Praecepto,
448 1936 579 1997 Priamei
601 1936 627 1996 si
648 1936 727 1996 17777
748 1953 802 1996 usa
824 1944 886 1996 tuo.

209 2018 380 2080 Occurrunt
401 2020 504 2088 Danai,
527 2017 679 2080 Menelaus
701 2022 731 2080 in
755 2022 875 2098 agmine
896 2022 1011 2099 primus

251 2103 424 2164 1777777777
446 2105 528 2164 77777
550 2102 627 2164 177117
650 2103 795 2165 movenda
817 2111 926 2164 monet.

208 2187 306 2248 Fortis
330 2194 359 2248 et
380 2205 449 2248 7777
473 2194 547 2262 erat,
569 2187 684 2249 variare
705 2187 835 2250 labantia
858 2189 949 2249 corda
1123 2197 1175 2246 775

250 2271 389 2344 Noverat,
413 2271 492 2334 haud
515 2273 632 2351 lugiens
654 2271 766 2333 hostica
787 2281 872 2351 terga
893 2274 987 2350 lugat.

208 2357 343 2419 Rivalem
365 2359 515 2437 patienter
538 2355 637 2428 habet,
660 2372 754 2435 prope
777 2358 904 2436 denique
926 2354 1055 2433 stabat3.

251 2440 316 2501 Non
339 2441 417 2512 livet,
442 2440 568 2511 mordet,
590 2440 702 2503 lumina
725 2450 808 2503 torva
831 2448 924 2502 tenet.

206 2525 249 2583 to
273 2527 372 2586 socios
394 2525 539 2586 vibrando
561 2533 652 2604 caput
673 2542 706 2585 se
728 2528 815 2586 vertit
836 2524 954 2595 acerbe,

248 2606 411 2688 Tamquam
435 2608 471 2668 de
493 2615 577 2688 rapta
600 2606 728 2686 conjuge
752 2608 840 2669 verba
864 2609 957 2671 daret
1119 2617 1174 2666 800

207 2692 349 2752 Conscius
371 2694 437 2770 ipse
458 2691 515 2752 sibi
538 2692 575 2751 de
597 2710 629 2752 se
651 2698 737 2770 putat
758 2695 857 2754 omnia
879 2692 937 2753 dici
1044 2745 1045 2751 ,

250 2775 285 2835 Et
307 2776 384 2855 pede
407 2774 585 2853 retrogrado
607 2777 693 2854 dogit
715 2777 800 2838 abire
821 2780 917 2858 quasi.

248 2945 330 2953 ..μ-ῳ
344 2947 362 2953 .-
374 2945 406 2952 ...-

274 3045 332 3094 775.
359 3048 403 3093 777
432 3044 507 3110 Virg.
537 3044 605 3096 Aen.
626 3045 675 3108 IV,
693 3047 752 3098 787.
778 3046 831 3106 tx,
852 3047 912 3101 460.
935 3045 1036 3110 Georg.
1060 3047 1085 3096 1.
1111 3047 1171 3098 tit.

206 3111 264 3160 777.
285 3111 397 3175 Margo:
416 3111 513 3174 Pugna
531 3111 636 3174 quinta.
672 3114 704 3163 Iu
728 3127 780 3176 qoa
797 3111 940 3164 Menelaus
959 3115 987 3163 77
1005 3112 1171 3174 Alexander,

205 3178 253 3241 qui
271 3176 363 3227 dictus
382 3182 426 3228 777
443 3176 537 3239 Paria,
560 3178 775 3243 congrediuntur
792 3185 821 3230 77
839 3179 984 3231 Menelaus
1001 3179 1170 3233 vulneratur.

204 3245 263 3295 788.
282 3246 323 3295 84.
351 3244 445 3295 Ovidii
470 3243 584 3294 Heroid.
608 3245 632 3308 1,
650 3248 675 3307 5,
692 3246 718 3294 6.
747 3246 794 3296 ubi
822 3253 929 3297 tamem
961 3253 1036 3298 eeaet
1062 3245 1171 3296 adulter

205 3311 295 3376 aquis.
382 3313 439 3363 teo.
473 3311 541 3361 viro.
563 3312 640 3375 7777,
668 3327 719 3362 noa
744 3313 805 3364 viro
828 3328 887 3366 auo.
974 3317 1032 3366 788.
1067 3329 1170 3366 amare.

204 3380 263 3431 tae.
282 3379 398 3443 Margo:
420 3379 602 3441 Praeceptum
619 3379 723 3428 Priami
742 3379 797 3429 fuit
814 3384 844 3430 ut
862 3380 1010 3432 traditores
1027 3382 1105 3433 abbia
1124 3397 1171 3432 oe·

203 3443 371 3495 ciderentur.
423 3443 714 3499 7977777777777777717.
766 3447 826 3497 aot.
846 3445 942 3498 077777.
962 3447 1083 3500 Distieh.
1096 3448 1170 3512 1,1a.

1275 1053 1277 1160 l
