2590 3984
201 211 243 276 88
508 213 570 265 Lib.
589 216 640 265 111.
675 231 701 265 v.
720 215 862 265 arr-aaa.

203 370 227 427 A
250 383 336 426 muro
359 384 451 426 sonus
473 368 639 446 increpitat,
663 365 791 444 Trojana
811 364 950 443 juventus

247 449 388 511 Hostibus
410 451 542 530 insultat,
565 459 598 511 01
620 454 778 530 superarit,
802 460 876 511 ovat.

202 535 330 612 Argolici
353 530 519 615 trepidant,¹
537 554 596 596 non
619 544 716 595 autem
741 532 818 595 bella
841 535 1006 612 resignant,

245 619 385 680 Laetatur
408 620 465 680 fine
488 638 556 699 spes
578 619 655 679 mala
677 637 765 699 saepe
789 618 884 687 bono;

205 704 280 783 Spes
302 702 380 763 bona
403 722 493 783 saepe
515 703 593 764 malo
616 703 743 765 laetatur
766 704 837 773 line;
861 710 983 780 recepto
1122 713 1175 762 515

248 787 576 855 Vulnerevincendum
599 787 722 848 vulnere
745 787 842 848 credit
865 788 981 848 heroni.

203 872 299 932 Heros
323 875 431 941 iratus,
457 875 565 932 etenim
590 871 674 932 dolor
697 873 806 932 excitat
828 874 914 941 iram,

247 956 375 1017 Hectora
398 955 515 1017 vibrato
537 958 645 1017 lortius
668 975 739 1016 ense
763 956 846 1034 petit.

203 1039 267 1100 lloo
289 1041 435 1118 siqnidem
458 1041 540 1101 clavo
563 1048 645 1100 tenet
667 1040 797 1101 anchora
820 1042 929 1101 mentis
951 1038 1110 1101 Achillem:

247 1124 298 1185 Vel
320 1125 409 1185 modo
433 1124 598 1186 Priamides
622 1124 667 1184 vel
689 1124 767 1185 cadit
788 1123 939 1185 Aeacides.
1121 1134 1175 1182 520

204 1207 283 1269 lctus
306 1226 377 1286 ergo
397 1206 494 1285 jacet,
510 1208 632 1269 insultat
655 1217 684 1270 et
706 1208 814 1269 ictibus
836 1210 913 1268 ictus

245 1293 282 1353 Et
303 1310 364 1353 non
387 1299 434 1353 est
457 1292 533 1353 ullus
555 1296 585 1353 in
607 1291 745 1353 leriendo
767 1292 882 1353 modus.

201 1376 306 1438 Deficit
330 1395 345 1438 a
368 1376 505 1437 manibus
528 1377 646 1438 soboles
668 1377 824 1446 Priameia,
849 1377 970 1438 Graecis

245 1459 371 1522 Ossibus
394 1461 522 1522 ollicium
545 1465 589 1521 vis
610 1464 735 1540 regitiva
758 1467 858 1539 negat.

202 1546 362 1607 Descendit
384 1545 515 1624 clypeus,
539 1546 708 1606 lentescunt
730 1545 862 1614 brachia,
886 1562 990 1605 mucro
1120 1554 1172 1602 525

244 1630 356 1708 Desipit
380 1639 410 1690 et
431 1632 526 1690 virtus
549 1649 602 1708 spe
624 1629 771 1690 titubante
794 1631 878 1705 rugit.

202 1713 316 1774 Taedet
339 1731 406 1775 eum
430 1730 556 1792 pugnae,
580 1711 668 1774 vellet
690 1716 799 1774 vitasse
823 1713 963 1782 duellum,
1064 1728 1068 1736 ·

245 1796 345 1858 Mallet
367 1797 403 1857 ad
423 1795 529 1859 'uxoris
552 1796 703 1859 delituisse
725 1816 842 1877 preces.

202 1881 263 1942 lam
287 1882 434 1942 Graecum
458 1881 573 1960 lugere,
596 1879 715 1960 jamjam
739 1882 930 1943 retrocedere
953 1883 1081 1961 quaerit,

245 1965 357 2034 Scindi,
381 1969 406 2026 si
429 1967 532 2044 ingiam
556 1967 676 2044 occiput
700 1984 769 2027 ense
792 1969 886 2027 timet.
1118 1974 1172 2023 530

201 2048 322 2127 lmpetit
344 2048 424 2109 hunc
447 2056 509 2110 toto
533 2048 656 2111 collecto
678 2050 788 2110 robore
811 2053 877 2118 tiro,

245 2134 340 2203 Quem
363 2137 430 2194 nisu
453 2132 549 2196 valido
572 2133 674 2214 dejicit
696 2134 747 2195 ille
770 2133 843 2195 solo.

199 2219 237 2277 At
259 2219 349 2278 miser
373 2218 495 2278 intuitus
517 2219 630 2280 instare
652 2217 783 2296 pericula
808 2221 921 2288 mortis,

244 2302 409 2363 Committit
431 2300 504 2362 nulli
527 2303 585 2363 lata
608 2304 728 2364 sinistra
751 2305 824 2380 spei.

59 2435 73 2449 „
200 2387 335 2465 Denique
358 2386 478 2448 victori:
502 2406 619 2465 precor,
643 2387 826 2448 invidissime
849 2385 933 2447 miles
1118 2395 1171 2444 535

118 2513 204 2544 ma,
242 2471 412 2532 Extinctum
435 2474 513 2550 patri
535 2470 627 2532 redde
651 2471 786 2540 cadaver,
810 2472 859 2532 ait.
911 2481 914 2488 “

267 2739 326 2792 015.
346 2737 415 2803 Spes
439 2739 513 2788 mala
533 2753 619 2802 saepe
638 2739 709 2789 bono
728 2739 745 2788 l.
766 2739 785 2791 f.
804 2765 837 2774 —
856 2738 907 2790 Ov.
925 2739 992 2792 Her.
1011 2738 1088 2802 XHI,
1109 2739 1170 2792 124.

377 2804 445 2870 Spes
464 2808 537 2856 bona
556 2805 675 2856 sollicito
694 2807 771 2857 victa
790 2807 887 2857 timore
907 2806 989 2856 ondit.

199 2874 258 2923 51⁷.
279 2872 330 2924 Ov.
349 2873 415 2922 Her.
434 2874 480 2932 VI,
493 2867 550 2924 '140

369 2940 527 3000 Quamlibet
545 2940 625 2990 iratis
644 2941 704 3005 ipse
723 2941 773 2990 dat
791 2956 867 2991 arma
887 2940 972 2995 dolor.

199 3005 311 3060 Gualth.
329 3005 407 3056 Alex.
425 3007 476 3070 111,
496 3009 544 3058 113

435 3075 549 3126 Excitat
567 3075 706 3126 interdum
723 3076 797 3126 vires
816 3074 900 3125 dolor.

198 3158 258 3210 524,
276 3157 410 3222 Marginis
430 3158 561 3208 scholion.
588 3161 645 3210 Nec
662 3160 758 3208 mirum
778 3159 848 3221 quod
866 3161 926 3207 tota
939 3158 983 3208 die
997 3161 1171 3222 pugnaverat

197 3234 227 3273 01
249 3225 344 3274 hostes
362 3225 512 3286 occiderat,
536 3241 587 3275 neo
606 3225 678 3290 quod
702 3240 767 3276 caro
785 3227 843 3274 eius
862 3239 950 3276 aenea
968 3231 1016 3274 out
1035 3223 1170 3275 fortitudo

200 3289 260 3354 ejus
279 3292 367 3342 minor
384 3305 467 3356 quam
485 3292 616 3343 fortitudo
635 3291 717 3342 illins.
754 3292 836 3343 ovid.
854 3293 936 3345 Trist.
954 3293 1001 3354 IV,
1020 3294 1044 3353 6,
1062 3295 1094 3341 31

333 3359 444 3408 Fortior
461 3360 490 3408 in
509 3359 585 3410 fulvo
603 3373 689 3408 novus
708 3365 751 3409 est
769 3360 892 3410 luctator
910 3375 1004 3419 arena,

367 3425 456 3486 Quam
476 3427 520 3476 cui
538 3433 602 3476 sunt
620 3427 703 3478 tarda
721 3427 838 3478 brachie
855 3427 933 3478 fessa
950 3441 1034 3476 mora.

196 3495 256 3544 534.
275 3491 336 3548 cod.
355 3493 483 3546 sinestra.
