2592 3978
534 175 686 229 Praefatio.

172 329 210 388 Et
231 327 318 397 bene,
341 330 365 388 31
388 327 519 397 memini,
542 327 585 387 133
609 335 653 387 331
675 325 712 386 ab
734 327 820 387 hoste
843 325 943 386 doceri

214 413 423 491 virtutumque
444 411 555 472 Satban
577 411 704 472 fabricat
726 429 807 472 arma
830 409 893 470 tibi.

173 497 233 557 Nos
256 497 292 557 ad
315 504 482 576 serpentes,
505 497 648 556 formicas
669 494 869 570 bestiolasque

214 581 252 640 llt
273 599 357 642 sacra
380 587 522 658 pennatae
544 581 650 658 pagina
674 580 764 640 mittit
786 597 864 648 oves,

172 665 211 726 Et
233 664 307 725 mihi
330 663 386 725 lob
408 663 550 742 loquitur,
575 667 643 741 quia
667 683 714 724 me
735 663 868 744 jumenta
892 661 1049 731 docebunt,

215 749 252 808 Et
273 746 346 807 nibil
369 755 414 809 est
436 747 514 824 quod
537 765 597 808 non
619 749 714 826 prosit
736 756 765 808 et
788 747 865 807 obsit
887 745 976 806 idem.

172 833 228 894 llic
251 840 337 893 sonat
358 832 476 899 invidia,
500 829 584 899 livor,
610 833 795 910 truculentia,
818 831 920 906 lastus,

101 960 107 965 -
216 915 356 986 Ambitio,
380 932 499 1002 rancor,
523 919 579 993 ira,
593 911 704 982 libido,
728 915 821 975 dolus.

174 999 361 1060 Postremum
385 1016 455 1060 vero
478 999 584 1078 TroJ'ae
607 999 777 1060 miseranda
800 1000 885 1059 ruina

216 1082 408 1145 lnlormativa
431 1083 548 1160 singula
572 1102 643 1144 voce
665 1092 765 1144 sonat:

175 1167 213 1228 Ut
235 1169 330 1228 malus
352 1167 486 1236 obsistat,
508 1167 665 1246 justusque
688 1169 816 1235 resistat,
840 1164 955 1232 habeto,

217 1250 274 1311 Sed
298 1253 364 1330 quia
388 1251 560 1312 clauserunt
581 1251 656 1312 11333
679 1249 754 1312 111313
779 1251 842 1310 sine
865 1249 953 1310 malo.
1017 1308 1022 1313 ,

175 1334 260 1406 Quod
283 1336 382 1396 brevis
405 1343 450 1394 cst
471 1335 559 1415 risus,
582 1335 660 1414 quod
684 1334 831 1413 longaque
852 1333 975 1395 lacrima
991 1333 1095 1395 mundi

216 1419 371 1489 Quondam
394 1419 484 1498 'lroja
507 1427 613 1497 potens
635 1421 796 1478 incinerata
819 1418 914 1478 docet.

173 1503 239 1563 lam
262 1505 381 1565 firmum
403 1502 476 1564 nihil
500 1512 554 1574 est,
578 1507 626 1563 cui
649 1519 708 1562 nou
732 1510 828 1562 metus
851 1519 918 1562 esse
940 1505 1045 1562 ruinae

217 1587 313 1648 Possit
336 1593 365 1648 et
387 1587 443 1648 1133
466 1586 579 1658 subito;
603 1586 766 1666 persequor
789 1603 860 1663 ergo
883 1586 973 1646 cito“.

132 1671 193 1732 Cur
216 1671 347 1749 elegiaco
370 1690 456 1751 quam
479 1673 601 1732 heroico
624 1679 720 1732 metro
736 1671 873 1731 malue'rit
889 1687 1008 1732 carmen
1024 1689 1095 1730 con-

132 1755 214 1824 dere,
239 1761 341 1816 auctor
363 1757 444 1816 111333
467 1755 567 1833 prodit
587 1756 733 1834 prooemii
755 1753 891 1815 versibus
915 1752 954 1814 18
970 1771 1052 1830 sqq:

178 1839 259 1908 „Res
281 1848 380 1918 gestae
403 1856 568 1919 regumque
589 1839 757 1919 ducumque
779 1840 888 1899 1313313
911 1840 989 1899 lacta

175 1922 244 1993 Quo.
261 1924 352 1985 scribi
373 1931 496 2004 possent
517 1940 641 1985 numero
664 1925 839 1984 monstrarit
861 1923 1014 1984 Homerus.

175 2006 297 2069 Scilicet
318 2009 441 2069 heroico
464 2007 579 2068 dicetur
601 2009 736 2074 lorsitan,
759 2008 807 2067 isti

176 2091 304 2152 Currere
326 2093 464 2154 versiculi
486 2094 553 2170 quia
576 2092 721 2154 deberent
743 2091 818 2169 pede
840 2091 901 2160 tali,

176 2174 319 2253 Quodque
341 2194 396 2254 per
419 2178 541 2253 exiguos
565 2195 739 2255 magnorum
761 2191 865 2252 magna
890 2176 1021 2235 virorum

176 2257 293 2318 Proelia
316 2279 375 2321 nou
400 2262 503 2322 deceat
526 2261 626 2338 elegos
649 2263 805 2340 scripsisse
827 2258 1003 2336 probabant.

177 2341 255 2402 Saue
277 2346 418 2418 concedo,
441 2344 491 2404 sed
515 2353 597 2422 gesta
621 2347 787 2406 miserrima
810 2340 909 2403 scribo

176 2427 214 2486 Et
235 2433 348 2505 strages
370 2433 497 2490 miseras
518 2433 707 2494 miserorum.
732 2429 783 2505 qui
806 2428 944 2488 misereri

177 2509 339 2572 Noluerant
362 2513 420 2574 sibi
442 2531 498 2574 uec
520 2513 592 2581 aliis,
617 2513 668 2574 sed
691 2520 787 2572 1113113
809 2509 960 2572 metebant

177 2593 216 2654 Se
238 2597 346 2655 misera
369 2599 488 2667 misere,
512 2599 624 2657 misero
646 2595 815 2658 stimulante
837 2597 950 2656 131313.

177 2677 236 2737 Per
258 2681 385 2741 miseros
407 2683 499 2757 igitur
522 2681 621 2759 elegos
644 2679 700 2740 hoc
723 2680 833 2741 ducere
856 2695 975 2739 carmen

176 2760 301 2824 Decrevi
323 2766 462 2826 miseram
486 2773 596 2825 sortem
619 2767 777 2826 miseratus
800 2782 913 2832 eorum,
969 2799 973 2807 ‚

176 2846 219 2906 lle
242 2844 350 2924 quibus
371 2848 422 2909 hic
443 2848 562 2926 legitur,
585 2849 688 2910 miseri
711 2850 763 2928 qui
785 2855 881 2908 castra
904 2855 1076 2925 sequuntur.

176 2929 238 2989 Hac
261 2938 362 2992 nostra
384 2935 500 2994 ratione
518 2931 616 3012 stylus
638 2950 699 2993 non
722 2932 826 2994 debuit
847 2933 918 2992 istas

177 3012 316 3074 Scribere
338 3033 395 3079 1133
418 3016 520 3078 debuit
541 3018 667 3078 heroum
690 3018 822 3078 carmine
845 3022 950 3086 morte,

179 3097 242 3158 Sed·
260 3103 395 3163 numeris
417 3101 473 3162 sub
497 3101 668 3180 disparibus
689 3100 736 3160 lex
758 3103 882 3161 metrica
905 3099 1001 3166 saltat,

177 3182 333 3260 Tanquam
357 3184 392 3246 de
415 3187 536 3248 miseris
557 3185 631 3246 haec
653 3193 698 3245 est
721 3187 863 3254 narratio,
888 3185 997 3245 dicat‘.

220 3265 367 3335 Daretem,
391 3273 440 3349 qni
464 3288 571 3349 magno
594 3271 623 3330 in
646 3268 759 3330 honore
782 3270 860 3348 apud
883 3285 986 3329 omnes
1007 3267 1098 3339 medii

132 3351 197 3414 aevi
219 3352 380 3431 scriptores
403 3355 466 3425 luit,
490 3357 576 3416 anxie
600 3362 629 3416 et
651 3353 757 3415 iisdem
781 3371 875 3432 paene
898 3352 997 3416 verbis
1013 3359 1098 3413 utens

132 3443 255 3500 secutus
278 3443 332 3507 est,
356 3447 389 3500 ut
411 3441 475 3519 ipse
497 3447 622 3500 testatur
643 3437 695 3500 lib.
718 3437 767 3498 lll.
791 3458 819 3498 v.
842 3434 906 3498 239
922 3455 1001 3516 sqq:
