<?xml version="1.0" encoding="UTF-8"?>
<!DOCTYPE html PUBLIC "-//W3C//DTD XHTML 1.0 Transitional//EN"
    "http://www.w3.org/TR/xhtml1/DTD/xhtml1-transitional.dtd">
<html xmlns="http://www.w3.org/1999/xhtml" xml:lang="en" lang="en">
 <head>
  <title>
</title>
<meta http-equiv="Content-Type" content="text/html;charset=utf-8" />
  <meta name='ocr-system' content='tesseract 3.04.00' />
  <meta name='ocr-capabilities' content='ocr_page ocr_carea ocr_par ocr_line ocrx_word'/>
</head>
<body>
  <div class='ocr_page' id='page_1' title='image "./troilusalbertis02albegoog_0148.png"; bbox 0 0 2590 3984; ppageno 0'>
   <div class='ocr_carea' id='block_1_1' title="bbox 186 209 1084 431">
    <p class='ocr_par' dir='ltr' id='par_1_1' title="bbox 186 209 1084 431">
     <span class='ocr_line' id='line_1_1' title="bbox 425 209 1084 283; baseline 0.005 -23"><span class='ocrx_word' id='word_1_1' title='bbox 425 209 485 263; x_wconf 74' lang='lat' dir='ltr'><strong>uro.</strong></span> <span class='ocrx_word' id='word_1_2' title='bbox 503 209 550 262; x_wconf 83' lang='lat' dir='ltr'><strong>rr.</strong></span> <span class='ocrx_word' id='word_1_3' title='bbox 579 227 606 264; x_wconf 80' lang='lat' dir='ltr'><strong>v.</strong></span> <span class='ocrx_word' id='word_1_4' title='bbox 625 213 766 263; x_wconf 83' lang='lat' dir='ltr'><strong>sar-ess.</strong></span> <span class='ocrx_word' id='word_1_5' title='bbox 882 276 886 283; x_wconf 20' lang='lat'>¹</span> <span class='ocrx_word' id='word_1_6' title='bbox 1024 210 1084 274; x_wconf 80' lang='lat'><strong>123</strong></span> 
     </span>
     <span class='ocr_line' id='line_1_2' title="bbox 186 355 1013 431; baseline 0.002 -19"><span class='ocrx_word' id='word_1_7' title='bbox 186 355 473 428; x_wconf 76' lang='lat' dir='ltr'><strong>[Puurflusmuaa</strong></span> <span class='ocrx_word' id='word_1_8' title='bbox 492 358 691 415; x_wconf 76' lang='lat' dir='ltr'><strong>auruncus</strong></span> <span class='ocrx_word' id='word_1_9' title='bbox 708 359 754 414; x_wconf 80' lang='lat' dir='ltr'><strong>un</strong></span> <span class='ocrx_word' id='word_1_10' title='bbox 772 358 1013 431; x_wconf 79' lang='lat' dir='ltr'><strong>nnscnmmo]</strong></span> 
     </span>
    </p>
   </div>
   <div class='ocr_carea' id='block_1_2' title="bbox 117 480 823 634">
    <p class='ocr_par' dir='ltr' id='par_1_2' title="bbox 117 480 823 634">
     <span class='ocr_line' id='line_1_3' title="bbox 117 480 823 550; baseline -0.001 -7"><span class='ocrx_word' id='word_1_11' title='bbox 117 484 153 543; x_wconf 81' lang='lat' dir='ltr'><strong>at</strong></span> <span class='ocrx_word' id='word_1_12' title='bbox 176 482 313 542; x_wconf 83' lang='lat' dir='ltr'>Priamus</span> <span class='ocrx_word' id='word_1_13' title='bbox 335 497 454 541; x_wconf 93' lang='lat' dir='ltr'><strong>murum</strong></span> <span class='ocrx_word' id='word_1_14' title='bbox 477 484 611 550; x_wconf 87' lang='lat' dir='ltr'><strong>munivit,</strong></span> <span class='ocrx_word' id='word_1_15' title='bbox 634 480 711 543; x_wconf 92' lang='lat' dir='ltr'><strong>bella</strong></span> <span class='ocrx_word' id='word_1_16' title='bbox 734 483 823 543; x_wconf 91' lang='lat' dir='ltr'><strong>silere</strong></span> 
     </span>
     <span class='ocr_line' id='line_1_4' title="bbox 158 565 729 634; baseline -0.005 -7"><span class='ocrx_word' id='word_1_17' title='bbox 158 565 268 634; x_wconf 82' lang='lat' dir='ltr'><strong>Maluit,</strong></span> <span class='ocrx_word' id='word_1_18' title='bbox 292 567 323 624; x_wconf 92' lang='lat' dir='ltr'><strong>in</strong></span> <span class='ocrx_word' id='word_1_19' title='bbox 346 583 434 625; x_wconf 89' lang='lat' dir='ltr'><strong>eausa</strong></span> <span class='ocrx_word' id='word_1_20' title='bbox 456 565 641 626; x_wconf 78' lang='lat' dir='ltr'><strong>Penthesilea</strong></span> <span class='ocrx_word' id='word_1_21' title='bbox 666 568 729 627; x_wconf 85' lang='lat' dir='ltr'><strong>luit.</strong></span> 
     </span>
    </p>
   </div>
   <div class='ocr_carea' id='block_1_3' title="bbox 10 649 872 742">
    <p class='ocr_par' dir='ltr' id='par_1_3' title="bbox 10 649 872 742">
     <span class='ocr_line' id='line_1_5' title="bbox 10 649 872 742; baseline 0.003 -35"><span class='ocrx_word' id='word_1_22' title='bbox 10 723 11 742; x_wconf 13' lang='grc' dir='ltr'><strong>Χ</strong></span> <span class='ocrx_word' id='word_1_23' title='bbox 120 649 200 710; x_wconf 90' lang='lat' dir='ltr'><strong>llaec</strong></span> <span class='ocrx_word' id='word_1_24' title='bbox 222 650 254 709; x_wconf 94' lang='lat' dir='ltr'><strong>in</strong></span> <span class='ocrx_word' id='word_1_25' title='bbox 275 649 476 710; x_wconf 80' lang='lat' dir='ltr'>Amazonibus</span> <span class='ocrx_word' id='word_1_26' title='bbox 498 650 642 727; x_wconf 81' lang='lat' dir='ltr'>regnabat</span> <span class='ocrx_word' id='word_1_27' title='bbox 665 651 754 710; x_wconf 89' lang='lat' dir='ltr'><strong>divite</strong></span> <span class='ocrx_word' id='word_1_28' title='bbox 777 667 872 728; x_wconf 84' lang='lat' dir='ltr'><strong>regno</strong></span> 
     </span>
    </p>
   </div>
   <div class='ocr_carea' id='block_1_4' title="bbox 158 732 735 802">
    <p class='ocr_par' dir='ltr' id='par_1_4' title="bbox 158 732 735 802">
     <span class='ocr_line' id='line_1_6' title="bbox 158 732 735 802; baseline 0.003 -10"><span class='ocrx_word' id='word_1_29' title='bbox 158 732 292 801; x_wconf 77' lang='lat' dir='ltr'><strong>illustria,</strong></span> <span class='ocrx_word' id='word_1_30' title='bbox 316 734 410 802; x_wconf 81' lang='lat' dir='ltr'><strong>fortis,</strong></span> <span class='ocrx_word' id='word_1_31' title='bbox 435 732 541 794; x_wconf 88' lang='lat' dir='ltr'><strong>bellica</strong></span> <span class='ocrx_word' id='word_1_32' title='bbox 563 738 631 795; x_wconf 85' lang='lat' dir='ltr'><strong>trita</strong></span> <span class='ocrx_word' id='word_1_33' title='bbox 655 736 735 794; x_wconf 80' lang='lat' dir='ltr'><strong>&#39;satis</strong></span> 
     </span>
    </p>
   </div>
   <div class='ocr_carea' id='block_1_5' title="bbox 10 799 1080 897">
    <p class='ocr_par' dir='ltr' id='par_1_5' title="bbox 10 799 1080 897">
     <span class='ocr_line' id='line_1_7' title="bbox 10 799 1080 897; baseline -0.002 -19"><span class='ocrx_word' id='word_1_34' title='bbox 10 799 12 820; x_wconf 49' lang='lat'>³</span> <span class='ocrx_word' id='word_1_35' title='bbox 118 819 198 878; x_wconf 90' lang='lat' dir='ltr'><strong>Haec</strong></span> <span class='ocrx_word' id='word_1_36' title='bbox 219 817 365 894; x_wconf 85' lang='lat' dir='ltr'><strong>siquidem</strong></span> <span class='ocrx_word' id='word_1_37' title='bbox 389 817 475 878; x_wconf 92' lang='lat' dir='ltr'><strong>miles</strong></span> <span class='ocrx_word' id='word_1_38' title='bbox 499 827 562 878; x_wconf 89' lang='lat' dir='ltr'><strong>erat</strong></span> <span class='ocrx_word' id='word_1_39' title='bbox 584 820 704 897; x_wconf 85' lang='lat' dir='ltr'><strong>optima,</strong></span> <span class='ocrx_word' id='word_1_40' title='bbox 728 835 783 878; x_wconf 90' lang='lat' dir='ltr'><strong>uec</strong></span> <span class='ocrx_word' id='word_1_41' title='bbox 806 820 871 877; x_wconf 91' lang='lat' dir='ltr'><strong>sine</strong></span> <span class='ocrx_word' id='word_1_42' title='bbox 893 816 981 879; x_wconf 91' lang='lat' dir='ltr'><strong>laude</strong></span> <span class='ocrx_word' id='word_1_43' title='bbox 1030 828 1080 877; x_wconf 81' lang='lat'><strong>635</strong></span> 
     </span>
    </p>
   </div>
   <div class='ocr_carea' id='block_1_6' title="bbox 96 899 967 3167">
    <p class='ocr_par' dir='ltr' id='par_1_6' title="bbox 115 899 967 1726">
     <span class='ocr_line' id='line_1_8' title="bbox 160 899 841 981; baseline 0 -19"><span class='ocrx_word' id='word_1_44' title='bbox 160 903 246 962; x_wconf 82' lang='lat' dir='ltr'><strong>llexit</strong></span> <span class='ocrx_word' id='word_1_45' title='bbox 268 899 470 981; x_wconf 79' lang='lat' dir='ltr'><strong>cornipedem.</strong></span> <span class='ocrx_word' id='word_1_46' title='bbox 494 902 625 963; x_wconf 82' lang='lat' dir='ltr'><strong>reddidit</strong></span> <span class='ocrx_word' id='word_1_47' title='bbox 647 919 719 962; x_wconf 90' lang='lat' dir='ltr'><strong>ense</strong></span> <span class='ocrx_word' id='word_1_48' title='bbox 738 903 841 962; x_wconf 84' lang='lat' dir='ltr'><strong>vicem.</strong></span> 
     </span>
     <span class='ocr_line' id='line_1_9' title="bbox 117 984 820 1048; baseline -0.003 -1"><span class='ocrx_word' id='word_1_49' title='bbox 117 987 206 1048; x_wconf 92' lang='lat' dir='ltr'><strong>Hasta</strong></span> <span class='ocrx_word' id='word_1_50' title='bbox 225 984 368 1046; x_wconf 91' lang='lat' dir='ltr'><strong>nobiliter</strong></span> <span class='ocrx_word' id='word_1_51' title='bbox 391 1001 549 1048; x_wconf 85' lang='lat' dir='ltr'><strong>occurrere</strong></span> <span class='ocrx_word' id='word_1_52' title='bbox 572 992 695 1048; x_wconf 91' lang='lat' dir='ltr'><strong>noverat</strong></span> <span class='ocrx_word' id='word_1_53' title='bbox 717 988 820 1047; x_wconf 85' lang='lat' dir='ltr'><strong>hastae</strong></span> 
     </span>
     <span class='ocr_line' id='line_1_10' title="bbox 160 1069 842 1151; baseline 0 -21"><span class='ocrx_word' id='word_1_54' title='bbox 160 1071 295 1146; x_wconf 84' lang='lat' dir='ltr'><strong>&#39;lergore</strong></span> <span class='ocrx_word' id='word_1_55' title='bbox 318 1069 487 1150; x_wconf 71' lang='lat' dir='ltr'><strong>cornipedis</strong></span> <span class='ocrx_word' id='word_1_56' title='bbox 508 1073 706 1151; x_wconf 87' lang='lat' dir='ltr'><strong>praecipitare</strong></span> <span class='ocrx_word' id='word_1_57' title='bbox 729 1073 842 1140; x_wconf 86' lang='lat' dir='ltr'><strong>virum;</strong></span> 
     </span>
     <span class='ocr_line' id='line_1_11' title="bbox 115 1155 864 1235; baseline 0 -20"><span class='ocrx_word' id='word_1_58' title='bbox 115 1155 148 1215; x_wconf 94' lang='lat' dir='ltr'><strong>ln</strong></span> <span class='ocrx_word' id='word_1_59' title='bbox 172 1172 277 1234; x_wconf 91' lang='lat' dir='ltr'><strong>campo</strong></span> <span class='ocrx_word' id='word_1_60' title='bbox 300 1157 448 1214; x_wconf 89' lang='lat' dir='ltr'><strong>currentis</strong></span> <span class='ocrx_word' id='word_1_61' title='bbox 471 1158 540 1235; x_wconf 89' lang='lat' dir='ltr'><strong>equi</strong></span> <span class='ocrx_word' id='word_1_62' title='bbox 563 1157 619 1216; x_wconf 84' lang='lat' dir='ltr'><strong>luit</strong></span> <span class='ocrx_word' id='word_1_63' title='bbox 640 1155 689 1216; x_wconf 91' lang='lat' dir='ltr'><strong>illa</strong></span> <span class='ocrx_word' id='word_1_64' title='bbox 712 1158 864 1232; x_wconf 86' lang='lat' dir='ltr'><strong>magistra,</strong></span> 
     </span>
     <span class='ocr_line' id='line_1_12' title="bbox 162 1238 842 1300; baseline 0 -2"><span class='ocrx_word' id='word_1_65' title='bbox 162 1238 222 1298; x_wconf 86' lang='lat' dir='ltr'><strong>Nec</strong></span> <span class='ocrx_word' id='word_1_66' title='bbox 243 1239 388 1299; x_wconf 90' lang='lat' dir='ltr'><strong>modicam</strong></span> <span class='ocrx_word' id='word_1_67' title='bbox 412 1238 529 1299; x_wconf 89' lang='lat' dir='ltr'><strong>laudem</strong></span> <span class='ocrx_word' id='word_1_68' title='bbox 553 1239 623 1299; x_wconf 89' lang='lat' dir='ltr'><strong>tibia</strong></span> <span class='ocrx_word' id='word_1_69' title='bbox 647 1250 727 1300; x_wconf 91' lang='lat' dir='ltr'><strong>mota</strong></span> <span class='ocrx_word' id='word_1_70' title='bbox 750 1239 842 1300; x_wconf 85' lang='lat' dir='ltr'><strong>dedit.</strong></span> 
     </span>
     <span class='ocr_line' id='line_1_13' title="bbox 115 1321 967 1403; baseline 0.001 -20"><span class='ocrx_word' id='word_1_71' title='bbox 115 1321 249 1384; x_wconf 83' lang='lat' dir='ltr'><strong>Pulchre</strong></span> <span class='ocrx_word' id='word_1_72' title='bbox 273 1323 367 1382; x_wconf 88' lang='lat' dir='ltr'><strong>caleat</strong></span> <span class='ocrx_word' id='word_1_73' title='bbox 390 1340 508 1401; x_wconf 89' lang='lat' dir='ltr'><strong>equum,</strong></span> <span class='ocrx_word' id='word_1_74' title='bbox 533 1324 686 1403; x_wconf 86' lang='lat' dir='ltr'><strong>propulsat</strong></span> <span class='ocrx_word' id='word_1_75' title='bbox 708 1321 861 1401; x_wconf 81' lang='lat' dir='ltr'><strong>pulchrius</strong></span> <span class='ocrx_word' id='word_1_76' title='bbox 884 1321 967 1384; x_wconf 91' lang='lat' dir='ltr'><strong>illum</strong></span> 
     </span>
     <span class='ocr_line' id='line_1_14' title="bbox 144 1405 856 1486; baseline 0 -19"><span class='ocrx_word' id='word_1_77' title='bbox 144 1405 343 1486; x_wconf 84' lang='lat' dir='ltr'><strong>&#39;Perpulchre</strong></span> <span class='ocrx_word' id='word_1_78' title='bbox 366 1409 451 1482; x_wconf 79' lang='lat' dir='ltr'><strong>girat,</strong></span> <span class='ocrx_word' id='word_1_79' title='bbox 476 1407 589 1484; x_wconf 85' lang='lat' dir='ltr'><strong>singula</strong></span> <span class='ocrx_word' id='word_1_80' title='bbox 615 1407 737 1484; x_wconf 87' lang='lat' dir='ltr'><strong>pulchra</strong></span> <span class='ocrx_word' id='word_1_81' title='bbox 761 1414 856 1484; x_wconf 91' lang='lat' dir='ltr'><strong>parat.</strong></span> 
     </span>
     <span class='ocr_line' id='line_1_15' title="bbox 117 1491 787 1568; baseline -0.001 -16"><span class='ocrx_word' id='word_1_82' title='bbox 117 1491 239 1553; x_wconf 82' lang='lat' dir='ltr'><strong>Militiae</strong></span> <span class='ocrx_word' id='word_1_83' title='bbox 261 1492 358 1552; x_wconf 91' lang='lat' dir='ltr'><strong>calcar</strong></span> <span class='ocrx_word' id='word_1_84' title='bbox 380 1493 412 1551; x_wconf 91' lang='lat' dir='ltr'><strong>in</strong></span> <span class='ocrx_word' id='word_1_85' title='bbox 434 1491 520 1568; x_wconf 86' lang='lat' dir='ltr'><strong>plata,</strong></span> <span class='ocrx_word' id='word_1_86' title='bbox 545 1491 641 1553; x_wconf 93' lang='lat' dir='ltr'><strong>calcar</strong></span> <span class='ocrx_word' id='word_1_87' title='bbox 664 1492 787 1551; x_wconf 87' lang='lat' dir='ltr'><strong>honoris</strong></span> 
     </span>
     <span class='ocr_line' id='line_1_16' title="bbox 159 1575 799 1645; baseline -0.003 -10"><span class='ocrx_word' id='word_1_88' title='bbox 159 1577 191 1635; x_wconf 91' lang='lat' dir='ltr'><strong>ln</strong></span> <span class='ocrx_word' id='word_1_89' title='bbox 214 1576 302 1645; x_wconf 86' lang='lat' dir='ltr'><strong>lama,</strong></span> <span class='ocrx_word' id='word_1_90' title='bbox 327 1575 405 1635; x_wconf 93' lang='lat' dir='ltr'><strong>bene</strong></span> <span class='ocrx_word' id='word_1_91' title='bbox 426 1576 486 1636; x_wconf 86' lang='lat' dir='ltr'><strong>lert</strong></span> <span class='ocrx_word' id='word_1_92' title='bbox 508 1575 579 1637; x_wconf 90' lang='lat' dir='ltr'><strong>illud</strong></span> <span class='ocrx_word' id='word_1_93' title='bbox 602 1585 633 1636; x_wconf 86' lang='lat' dir='ltr'><strong>et</strong></span> <span class='ocrx_word' id='word_1_94' title='bbox 654 1575 731 1636; x_wconf 90' lang='lat' dir='ltr'><strong>istud</strong></span> <span class='ocrx_word' id='word_1_95' title='bbox 756 1594 799 1636; x_wconf 91' lang='lat' dir='ltr'><strong>ea.</strong></span> 
     </span>
     <span class='ocr_line' id='line_1_17' title="bbox 116 1659 727 1726; baseline -0.002 -6"><span class='ocrx_word' id='word_1_96' title='bbox 116 1660 213 1720; x_wconf 82' lang='lat' dir='ltr'><strong>Aurea</strong></span> <span class='ocrx_word' id='word_1_97' title='bbox 235 1660 349 1720; x_wconf 88' lang='lat' dir='ltr'><strong>lcrrato</strong></span> <span class='ocrx_word' id='word_1_98' title='bbox 372 1659 466 1720; x_wconf 86' lang='lat' dir='ltr'><strong>calcat</strong></span> <span class='ocrx_word' id='word_1_99' title='bbox 489 1659 614 1722; x_wconf 86' lang='lat' dir='ltr'><strong>calcaria</strong></span> <span class='ocrx_word' id='word_1_100' title='bbox 638 1659 727 1726; x_wconf 92' lang='lat' dir='ltr'><strong>calce,</strong></span> 
     </span>
    </p>

    <p class='ocr_par' dir='ltr' id='par_1_7' title="bbox 118 1743 913 1991">
     <span class='ocr_line' id='line_1_18' title="bbox 161 1743 893 1822; baseline 0.004 -19"><span class='ocrx_word' id='word_1_101' title='bbox 161 1744 242 1803; x_wconf 77' lang='lat' dir='ltr'><strong>Auro</strong></span> <span class='ocrx_word' id='word_1_102' title='bbox 264 1745 349 1804; x_wconf 84' lang='lat' dir='ltr'><strong>irena</strong></span> <span class='ocrx_word' id='word_1_103' title='bbox 372 1746 449 1803; x_wconf 87' lang='lat' dir='ltr'><strong>citus</strong></span> <span class='ocrx_word' id='word_1_104' title='bbox 470 1743 625 1821; x_wconf 90' lang='lat' dir='ltr'><strong>splendida</strong></span> <span class='ocrx_word' id='word_1_105' title='bbox 648 1745 766 1804; x_wconf 85' lang='lat' dir='ltr'><strong>mordet</strong></span> <span class='ocrx_word' id='word_1_106' title='bbox 789 1761 893 1822; x_wconf 83' lang='lat' dir='ltr'><strong>equus</strong></span> 
     </span>
     <span class='ocr_line' id='line_1_19' title="bbox 118 1827 913 1907; baseline 0 -20"><span class='ocrx_word' id='word_1_107' title='bbox 118 1827 228 1907; x_wconf 76' lang='lat' dir='ltr'><strong>inclyta</strong></span> <span class='ocrx_word' id='word_1_108' title='bbox 251 1827 337 1888; x_wconf 89' lang='lat' dir='ltr'><strong>miles</strong></span> <span class='ocrx_word' id='word_1_109' title='bbox 359 1836 433 1903; x_wconf 86' lang='lat' dir='ltr'><strong>erat,</strong></span> <span class='ocrx_word' id='word_1_110' title='bbox 457 1837 521 1888; x_wconf 85' lang='lat' dir='ltr'><strong>erat</strong></span> <span class='ocrx_word' id='word_1_111' title='bbox 542 1833 646 1906; x_wconf 91' lang='lat' dir='ltr'><strong>alaque</strong></span> <span class='ocrx_word' id='word_1_112' title='bbox 670 1834 728 1888; x_wconf 88' lang='lat' dir='ltr'><strong>tota</strong></span> <span class='ocrx_word' id='word_1_113' title='bbox 753 1828 913 1898; x_wconf 84' lang='lat' dir='ltr'><strong>Quiritum,</strong></span> 
     </span>
     <span class='ocr_line' id='line_1_20' title="bbox 161 1911 877 1991; baseline 0.006 -20"><span class='ocrx_word' id='word_1_114' title='bbox 161 1911 242 1981; x_wconf 85' lang='lat' dir='ltr'><strong>Quae</strong></span> <span class='ocrx_word' id='word_1_115' title='bbox 264 1920 343 1972; x_wconf 88' lang='lat' dir='ltr'><strong>tanta</strong></span> <span class='ocrx_word' id='word_1_116' title='bbox 367 1911 460 1972; x_wconf 88' lang='lat' dir='ltr'><strong>laetae</strong></span> <span class='ocrx_word' id='word_1_117' title='bbox 483 1915 619 1991; x_wconf 89' lang='lat' dir='ltr'><strong>principe</strong></span> <span class='ocrx_word' id='word_1_118' title='bbox 642 1930 760 1990; x_wconf 86' lang='lat' dir='ltr'><strong>semper</strong></span> <span class='ocrx_word' id='word_1_119' title='bbox 784 1920 877 1976; x_wconf 83' lang='lat' dir='ltr'><strong>erant.</strong></span> 
     </span>
    </p>

    <p class='ocr_par' dir='ltr' id='par_1_8' title="bbox 116 1995 834 2142">
     <span class='ocr_line' id='line_1_21' title="bbox 116 1995 834 2074; baseline 0 -18"><span class='ocrx_word' id='word_1_120' title='bbox 116 1997 273 2056; x_wconf 84' lang='lat' dir='ltr'><strong>Praeterea</strong></span> <span class='ocrx_word' id='word_1_121' title='bbox 296 1998 426 2056; x_wconf 85' lang='lat' dir='ltr'><strong>formosa</strong></span> <span class='ocrx_word' id='word_1_122' title='bbox 449 1998 523 2066; x_wconf 84' lang='lat' dir='ltr'><strong>luit;</strong></span> <span class='ocrx_word' id='word_1_123' title='bbox 546 2007 711 2074; x_wconf 92' lang='lat' dir='ltr'><strong>naturaque</strong></span> <span class='ocrx_word' id='word_1_124' title='bbox 734 1995 834 2056; x_wconf 90' lang='lat' dir='ltr'><strong>multis</strong></span> 
     </span>
     <span class='ocr_line' id='line_1_22' title="bbox 161 2080 782 2142; baseline -0.002 -2"><span class='ocrx_word' id='word_1_125' title='bbox 161 2080 293 2141; x_wconf 83' lang='lat' dir='ltr'><strong>handum</strong></span> <span class='ocrx_word' id='word_1_126' title='bbox 317 2081 493 2142; x_wconf 89' lang='lat' dir='ltr'><strong>muneribus</strong></span> <span class='ocrx_word' id='word_1_127' title='bbox 515 2081 686 2142; x_wconf 85' lang='lat' dir='ltr'><strong>nobilitarat</strong></span> <span class='ocrx_word' id='word_1_128' title='bbox 708 2098 782 2140; x_wconf 89' lang='lat' dir='ltr'><strong>eam.</strong></span> 
     </span>
    </p>

    <p class='ocr_par' dir='ltr' id='par_1_9' title="bbox 117 2163 853 2240">
     <span class='ocr_line' id='line_1_23' title="bbox 117 2163 853 2240; baseline -0.003 -14"><span class='ocrx_word' id='word_1_129' title='bbox 117 2163 232 2226; x_wconf 85' lang='lat' dir='ltr'><strong>Orbem</strong></span> <span class='ocrx_word' id='word_1_130' title='bbox 255 2163 304 2223; x_wconf 91' lang='lat' dir='ltr'><strong>dat</strong></span> <span class='ocrx_word' id='word_1_131' title='bbox 326 2165 413 2240; x_wconf 85' lang='lat' dir='ltr'><strong>capiti</strong></span> <span class='ocrx_word' id='word_1_132' title='bbox 436 2173 560 2226; x_wconf 89' lang='lat' dir='ltr'><strong>naturae</strong></span> <span class='ocrx_word' id='word_1_133' title='bbox 583 2167 714 2225; x_wconf 87' lang='lat' dir='ltr'><strong>circinus</strong></span> <span class='ocrx_word' id='word_1_134' title='bbox 736 2163 853 2232; x_wconf 90' lang='lat' dir='ltr'><strong>orbum,</strong></span> 
     </span>
    </p>

    <p class='ocr_par' dir='ltr' id='par_1_10' title="bbox 96 2247 877 2326">
     <span class='ocr_line' id='line_1_24' title="bbox 96 2247 877 2326; baseline -0.003 -17"><span class='ocrx_word' id='word_1_135' title='bbox 96 2313 98 2317; x_wconf 67' lang='grc'><strong>,</strong></span> <span class='ocrx_word' id='word_1_136' title='bbox 160 2247 249 2309; x_wconf 85' lang='lat' dir='ltr'><strong>Orbis</strong></span> <span class='ocrx_word' id='word_1_137' title='bbox 270 2251 315 2308; x_wconf 85' lang='lat' dir='ltr'><strong>uti</strong></span> <span class='ocrx_word' id='word_1_138' title='bbox 336 2255 444 2309; x_wconf 85' lang='lat' dir='ltr'><strong>statuat</strong></span> <span class='ocrx_word' id='word_1_139' title='bbox 467 2248 561 2310; x_wconf 86' lang='lat' dir='ltr'><strong>lorma</strong></span> <span class='ocrx_word' id='word_1_140' title='bbox 584 2248 705 2326; x_wconf 84' lang='lat' dir='ltr'><strong>globosa</strong></span> <span class='ocrx_word' id='word_1_141' title='bbox 729 2248 877 2308; x_wconf 88' lang='lat' dir='ltr'><strong>trochum.</strong></span> 
     </span>
    </p>

    <p class='ocr_par' dir='ltr' id='par_1_11' title="bbox 117 2331 960 2495">
     <span class='ocr_line' id='line_1_25' title="bbox 117 2331 838 2409; baseline -0.003 -17"><span class='ocrx_word' id='word_1_142' title='bbox 117 2332 261 2409; x_wconf 82' lang='lat' dir='ltr'><strong>Fulgurat</strong></span> <span class='ocrx_word' id='word_1_143' title='bbox 282 2334 313 2391; x_wconf 90' lang='lat' dir='ltr'><strong>in</strong></span> <span class='ocrx_word' id='word_1_144' title='bbox 336 2335 419 2392; x_wconf 91' lang='lat' dir='ltr'><strong>crine</strong></span> <span class='ocrx_word' id='word_1_145' title='bbox 441 2335 521 2393; x_wconf 85' lang='lat' dir='ltr'><strong>nitor</strong></span> <span class='ocrx_word' id='word_1_146' title='bbox 544 2337 617 2402; x_wconf 82' lang='lat' dir='ltr'><strong>auri,</strong></span> <span class='ocrx_word' id='word_1_147' title='bbox 642 2331 700 2393; x_wconf 91' lang='lat' dir='ltr'><strong>lilia</strong></span> <span class='ocrx_word' id='word_1_148' title='bbox 725 2333 838 2408; x_wconf 78' lang='lat' dir='ltr'><strong>fronte;</strong></span> 
     </span>
     <span class='ocr_line' id='line_1_26' title="bbox 160 2413 960 2495; baseline 0.003 -21"><span class='ocrx_word' id='word_1_149' title='bbox 160 2415 253 2484; x_wconf 84' lang='lat' dir='ltr'><strong>Quem</strong></span> <span class='ocrx_word' id='word_1_150' title='bbox 276 2415 364 2476; x_wconf 93' lang='lat' dir='ltr'><strong>simul</strong></span> <span class='ocrx_word' id='word_1_151' title='bbox 388 2424 421 2475; x_wconf 91' lang='lat' dir='ltr'><strong>ut</strong></span> <span class='ocrx_word' id='word_1_152' title='bbox 441 2418 593 2495; x_wconf 88' lang='lat' dir='ltr'><strong>speculum</strong></span> <span class='ocrx_word' id='word_1_153' title='bbox 617 2426 650 2477; x_wconf 89' lang='lat' dir='ltr'><strong>tu</strong></span> <span class='ocrx_word' id='word_1_154' title='bbox 673 2414 827 2494; x_wconf 85' lang='lat' dir='ltr'><strong>speculare</strong></span> <span class='ocrx_word' id='word_1_155' title='bbox 849 2413 960 2476; x_wconf 90' lang='lat' dir='ltr'><strong>locum.</strong></span> 
     </span>
    </p>

    <p class='ocr_par' dir='ltr' id='par_1_12' title="bbox 118 2498 877 2662">
     <span class='ocr_line' id='line_1_27' title="bbox 118 2498 877 2579; baseline 0.001 -21"><span class='ocrx_word' id='word_1_156' title='bbox 118 2499 182 2560; x_wconf 89' lang='lat' dir='ltr'><strong>Sub</strong></span> <span class='ocrx_word' id='word_1_157' title='bbox 204 2500 322 2579; x_wconf 93' lang='lat' dir='ltr'><strong>specula</strong></span> <span class='ocrx_word' id='word_1_158' title='bbox 346 2500 452 2560; x_wconf 77' lang='lat' dir='ltr'><strong>leontis</strong></span> <span class='ocrx_word' id='word_1_159' title='bbox 474 2503 606 2562; x_wconf 84' lang='lat' dir='ltr'><strong>vaccinia</strong></span> <span class='ocrx_word' id='word_1_160' title='bbox 631 2502 714 2576; x_wconf 82' lang='lat' dir='ltr'><strong>nigra</strong></span> <span class='ocrx_word' id='word_1_161' title='bbox 737 2498 877 2576; x_wconf 83' lang='lat' dir='ltr'><strong>leguntur</strong></span> 
     </span>
     <span class='ocr_line' id='line_1_28' title="bbox 161 2582 805 2662; baseline 0 -18"><span class='ocrx_word' id='word_1_162' title='bbox 161 2584 255 2654; x_wconf 86' lang='lat' dir='ltr'><strong>Quum</strong></span> <span class='ocrx_word' id='word_1_163' title='bbox 280 2582 447 2662; x_wconf 81' lang='lat' dir='ltr'><strong>supercilhs</strong></span> <span class='ocrx_word' id='word_1_164' title='bbox 469 2593 515 2644; x_wconf 88' lang='lat' dir='ltr'><strong>est</strong></span> <span class='ocrx_word' id='word_1_165' title='bbox 536 2583 617 2646; x_wconf 88' lang='lat' dir='ltr'><strong>color</strong></span> <span class='ocrx_word' id='word_1_166' title='bbox 639 2583 690 2643; x_wconf 92' lang='lat' dir='ltr'><strong>ille</strong></span> <span class='ocrx_word' id='word_1_167' title='bbox 713 2584 805 2644; x_wconf 90' lang='lat' dir='ltr'><strong>datus.</strong></span> 
     </span>
    </p>

    <p class='ocr_par' dir='ltr' id='par_1_13' title="bbox 117 2667 879 2814">
     <span class='ocr_line' id='line_1_29' title="bbox 117 2667 879 2746; baseline 0.001 -19"><span class='ocrx_word' id='word_1_168' title='bbox 117 2667 153 2727; x_wconf 84' lang='lat' dir='ltr'><strong>Si</strong></span> <span class='ocrx_word' id='word_1_169' title='bbox 175 2675 291 2746; x_wconf 89' lang='lat' dir='ltr'><strong>spectes</strong></span> <span class='ocrx_word' id='word_1_170' title='bbox 313 2669 429 2739; x_wconf 89' lang='lat' dir='ltr'><strong>melius,</strong></span> <span class='ocrx_word' id='word_1_171' title='bbox 452 2671 589 2746; x_wconf 81' lang='lat' dir='ltr'><strong>geminos</strong></span> <span class='ocrx_word' id='word_1_172' title='bbox 611 2671 771 2730; x_wconf 88' lang='lat' dir='ltr'><strong>intersecat</strong></span> <span class='ocrx_word' id='word_1_173' title='bbox 793 2685 879 2729; x_wconf 90' lang='lat' dir='ltr'><strong>arcus</strong></span> 
     </span>
     <span class='ocr_line' id='line_1_30' title="bbox 163 2751 751 2814; baseline 0.002 -3"><span class='ocrx_word' id='word_1_174' title='bbox 163 2751 227 2812; x_wconf 89' lang='lat' dir='ltr'><strong>Non</strong></span> <span class='ocrx_word' id='word_1_175' title='bbox 251 2752 422 2814; x_wconf 82' lang='lat' dir='ltr'><strong>obfuscatae</strong></span> <span class='ocrx_word' id='word_1_176' title='bbox 443 2755 538 2814; x_wconf 89' lang='lat' dir='ltr'><strong>lactea</strong></span> <span class='ocrx_word' id='word_1_177' title='bbox 560 2755 656 2814; x_wconf 79' lang='lat' dir='ltr'><strong>forma</strong></span> <span class='ocrx_word' id='word_1_178' title='bbox 679 2754 751 2814; x_wconf 88' lang='lat' dir='ltr'><strong>viae.</strong></span> 
     </span>
    </p>

    <p class='ocr_par' dir='ltr' id='par_1_14' title="bbox 118 2834 855 2998">
     <span class='ocr_line' id='line_1_31' title="bbox 118 2834 841 2917; baseline -0.003 -22"><span class='ocrx_word' id='word_1_179' title='bbox 118 2834 268 2896; x_wconf 83' lang='lat' dir='ltr'><strong>Excubiae</strong></span> <span class='ocrx_word' id='word_1_180' title='bbox 291 2836 397 2897; x_wconf 79' lang='lat' dir='ltr'><strong>frontis</strong></span> <span class='ocrx_word' id='word_1_181' title='bbox 420 2846 555 2917; x_wconf 89' lang='lat' dir='ltr'><strong>spectant</strong></span> <span class='ocrx_word' id='word_1_182' title='bbox 576 2836 721 2898; x_wconf 85' lang='lat' dir='ltr'><strong>laetanter</strong></span> <span class='ocrx_word' id='word_1_183' title='bbox 745 2834 841 2912; x_wconf 81' lang='lat' dir='ltr'><strong>ocelli,</strong></span> 
     </span>
     <span class='ocr_line' id='line_1_32' title="bbox 162 2919 855 2998; baseline 0.004 -19"><span class='ocrx_word' id='word_1_184' title='bbox 162 2920 240 2980; x_wconf 85' lang='lat' dir='ltr'><strong>Luce</strong></span> <span class='ocrx_word' id='word_1_185' title='bbox 263 2922 466 2998; x_wconf 81' lang='lat' dir='ltr'><strong>smaragdinea</strong></span> <span class='ocrx_word' id='word_1_186' title='bbox 490 2922 594 2981; x_wconf 88' lang='lat' dir='ltr'><strong>sideris</strong></span> <span class='ocrx_word' id='word_1_187' title='bbox 616 2924 708 2981; x_wconf 90' lang='lat' dir='ltr'><strong>instar</strong></span> <span class='ocrx_word' id='word_1_188' title='bbox 730 2919 855 2988; x_wconf 92' lang='lat' dir='ltr'><strong>babent;</strong></span> 
     </span>
    </p>

    <p class='ocr_par' dir='ltr' id='par_1_15' title="bbox 118 3003 879 3167">
     <span class='ocr_line' id='line_1_33' title="bbox 118 3003 879 3081; baseline -0.001 -17"><span class='ocrx_word' id='word_1_189' title='bbox 118 3004 180 3064; x_wconf 89' lang='lat' dir='ltr'><strong>Nec</strong></span> <span class='ocrx_word' id='word_1_190' title='bbox 204 3012 261 3064; x_wconf 82' lang='lat' dir='ltr'><strong>stat</strong></span> <span class='ocrx_word' id='word_1_191' title='bbox 282 3021 337 3066; x_wconf 89' lang='lat' dir='ltr'><strong>nec</strong></span> <span class='ocrx_word' id='word_1_192' title='bbox 358 3007 467 3066; x_wconf 88' lang='lat' dir='ltr'><strong>transit</strong></span> <span class='ocrx_word' id='word_1_193' title='bbox 488 3005 554 3081; x_wconf 87' lang='lat' dir='ltr'><strong>plus</strong></span> <span class='ocrx_word' id='word_1_194' title='bbox 576 3014 658 3065; x_wconf 83' lang='lat' dir='ltr'><strong>recto</strong></span> <span class='ocrx_word' id='word_1_195' title='bbox 679 3003 783 3081; x_wconf 81' lang='lat' dir='ltr'><strong>regula</strong></span> <span class='ocrx_word' id='word_1_196' title='bbox 807 3006 879 3074; x_wconf 87' lang='lat' dir='ltr'><strong>nasi,</strong></span> 
     </span>
     <span class='ocr_line' id='line_1_34' title="bbox 162 3087 775 3167; baseline 0.002 -19"><span class='ocrx_word' id='word_1_197' title='bbox 162 3088 215 3149; x_wconf 92' lang='lat' dir='ltr'><strong>llic</strong></span> <span class='ocrx_word' id='word_1_198' title='bbox 238 3087 354 3167; x_wconf 43' lang='lat' dir='ltr'><strong>aquila)</strong></span> <span class='ocrx_word' id='word_1_199' title='bbox 370 3088 457 3159; x_wconf 90' lang='lat' dir='ltr'><strong>bello,</strong></span> <span class='ocrx_word' id='word_1_200' title='bbox 482 3091 580 3156; x_wconf 88' lang='lat' dir='ltr'><strong>simia,</strong></span> <span class='ocrx_word' id='word_1_201' title='bbox 605 3088 677 3150; x_wconf 90' lang='lat' dir='ltr'><strong>cede</strong></span> <span class='ocrx_word' id='word_1_202' title='bbox 698 3087 775 3149; x_wconf 92' lang='lat' dir='ltr'><strong>loco.</strong></span> 
     </span>
    </p>
   </div>
   <div class='ocr_carea' id='block_1_7' title="bbox 117 3288 1085 3558">
    <p class='ocr_par' dir='ltr' id='par_1_16' title="bbox 117 3288 1085 3558">
     <span class='ocr_line' id='line_1_35' title="bbox 186 3288 1085 3356; baseline -0.001 -17"><span class='ocrx_word' id='word_1_203' title='bbox 186 3291 244 3340; x_wconf 83' lang='grc'><strong>637.</strong></span> <span class='ocrx_word' id='word_1_204' title='bbox 263 3289 344 3341; x_wconf 86' lang='lat' dir='ltr'><strong>hasta</strong></span> <span class='ocrx_word' id='word_1_205' title='bbox 362 3307 376 3342; x_wconf 91' lang='lat' dir='ltr'><strong>e</strong></span> <span class='ocrx_word' id='word_1_206' title='bbox 395 3306 480 3356; x_wconf 83' lang='lat' dir='ltr'><strong>marg.</strong></span> <span class='ocrx_word' id='word_1_207' title='bbox 496 3307 543 3356; x_wconf 91' lang='lat' dir='ltr'><strong>pro</strong></span> <span class='ocrx_word' id='word_1_208' title='bbox 556 3291 615 3344; x_wconf 82' lang='lat' dir='ltr'><strong>eod,</strong></span> <span class='ocrx_word' id='word_1_209' title='bbox 631 3291 737 3341; x_wconf 83' lang='lat' dir='ltr'><strong>hastae.</strong></span> <span class='ocrx_word' id='word_1_210' title='bbox 779 3290 837 3343; x_wconf 87' lang='grc'><strong>638.</strong></span> <span class='ocrx_word' id='word_1_211' title='bbox 853 3289 917 3340; x_wconf 84' lang='lat' dir='ltr'><strong>Ood.</strong></span> <span class='ocrx_word' id='word_1_212' title='bbox 931 3288 1085 3354; x_wconf 88' lang='lat' dir='ltr'><strong>cornipede.</strong></span> 
     </span>
     <span class='ocr_line' id='line_1_36' title="bbox 117 3357 1083 3423; baseline -0.001 -16"><span class='ocrx_word' id='word_1_213' title='bbox 117 3361 178 3407; x_wconf 75' lang='grc'><strong>643.</strong></span> <span class='ocrx_word' id='word_1_214' title='bbox 209 3357 306 3408; x_wconf 88' lang='lat' dir='ltr'><strong>calcar</strong></span> <span class='ocrx_word' id='word_1_215' title='bbox 329 3359 480 3409; x_wconf 87' lang='lat' dir='ltr'><strong>seeundum</strong></span> <span class='ocrx_word' id='word_1_216' title='bbox 504 3375 518 3408; x_wconf 90' lang='lat' dir='ltr'><strong>e</strong></span> <span class='ocrx_word' id='word_1_217' title='bbox 543 3360 666 3423; x_wconf 80' lang='lat' dir='ltr'><strong>margine</strong></span> <span class='ocrx_word' id='word_1_218' title='bbox 687 3373 736 3423; x_wconf 89' lang='lat' dir='ltr'><strong>pro</strong></span> <span class='ocrx_word' id='word_1_219' title='bbox 757 3357 816 3408; x_wconf 88' lang='lat' dir='ltr'><strong>eod.</strong></span> <span class='ocrx_word' id='word_1_220' title='bbox 837 3372 939 3411; x_wconf 83' lang='lat' dir='ltr'><strong>carcer.</strong></span> <span class='ocrx_word' id='word_1_221' title='bbox 1025 3357 1083 3406; x_wconf 79' lang='grc'><strong>665.</strong></span> 
     </span>
     <span class='ocr_line' id='line_1_37' title="bbox 119 3423 1085 3491; baseline -0.002 -17"><span class='ocrx_word' id='word_1_222' title='bbox 119 3439 179 3476; x_wconf 83' lang='lat' dir='ltr'><strong>vac.</strong></span> <span class='ocrx_word' id='word_1_223' title='bbox 199 3425 270 3488; x_wconf 84' lang='lat' dir='ltr'><strong>nigr.</strong></span> <span class='ocrx_word' id='word_1_224' title='bbox 288 3425 342 3491; x_wconf 83' lang='lat' dir='ltr'><strong>leg.</strong></span> <span class='ocrx_word' id='word_1_225' title='bbox 362 3425 437 3491; x_wconf 81' lang='lat' dir='ltr'><strong>Virg.</strong></span> <span class='ocrx_word' id='word_1_226' title='bbox 457 3425 543 3490; x_wconf 79' lang='lat' dir='ltr'><strong>eclog.</strong></span> <span class='ocrx_word' id='word_1_227' title='bbox 562 3427 599 3489; x_wconf 92' lang='lat'><strong>11,</strong></span> <span class='ocrx_word' id='word_1_228' title='bbox 620 3427 658 3480; x_wconf 83' lang='lat'><strong>18,</strong></span> <span class='ocrx_word' id='word_1_229' title='bbox 728 3426 787 3475; x_wconf 86' lang='grc'><strong>661.</strong></span> <span class='ocrx_word' id='word_1_230' title='bbox 806 3425 915 3490; x_wconf 86' lang='lat' dir='ltr'><strong>Margo:</strong></span> <span class='ocrx_word' id='word_1_231' title='bbox 934 3439 986 3474; x_wconf 90' lang='lat' dir='ltr'><strong>nec</strong></span> <span class='ocrx_word' id='word_1_232' title='bbox 1000 3423 1085 3473; x_wconf 88' lang='lat' dir='ltr'><strong>adun·</strong></span> 
     </span>
     <span class='ocr_line' id='line_1_38' title="bbox 118 3491 859 3558; baseline -0.003 -16"><span class='ocrx_word' id='word_1_233' title='bbox 118 3507 181 3542; x_wconf 88' lang='lat' dir='ltr'><strong>cum</strong></span> <span class='ocrx_word' id='word_1_234' title='bbox 200 3506 248 3542; x_wconf 85' lang='lat' dir='ltr'><strong>nee</strong></span> <span class='ocrx_word' id='word_1_235' title='bbox 266 3498 382 3547; x_wconf 86' lang='lat' dir='ltr'><strong>torvum.</strong></span> <span class='ocrx_word' id='word_1_236' title='bbox 460 3495 518 3544; x_wconf 76' lang='lat'><strong>662.</strong></span> <span class='ocrx_word' id='word_1_237' title='bbox 538 3493 611 3544; x_wconf 88' lang='lat' dir='ltr'><strong>bello</strong></span> <span class='ocrx_word' id='word_1_238' title='bbox 631 3509 678 3558; x_wconf 91' lang='lat' dir='ltr'><strong>pro</strong></span> <span class='ocrx_word' id='word_1_239' title='bbox 697 3491 859 3558; x_wconf 87' lang='lat' dir='ltr'><strong>eod.&#39;pello.</strong></span> 
     </span>
    </p>
   </div>
   <div class='ocr_carea' id='block_1_8' title="bbox 0 0 1300 3984">
    <p class='ocr_par' dir='ltr' id='par_1_17' title="bbox 0 0 1300 3984">
     <span class='ocr_line' id='line_1_39' title="bbox 0 0 1300 3984; baseline 0 0"><span class='ocrx_word' id='word_1_240' title='bbox 0 0 1300 3984; x_wconf 95' lang='lat' dir='ltr'><strong> </strong></span> 
     </span>
    </p>
   </div>
  </div>
 </body>
</html>
