2574 3976
186 216 248 280 196
492 222 555 273 Lib.
574 221 620 270 vr.
657 237 682 270 v.
701 224 844 275 ets-ece.

185 371 275 434 Dives
297 389 398 451 opum,
422 389 548 451 rognum
573 375 741 449 regionum,
764 377 847 454 regia
869 393 983 453 regum,
1109 388 1165 438 845

227 453 330 517 inclita
352 456 498 519 nobilium
521 457 645 527 mansio,
671 475 780 537 pompa
803 458 925 520 ducum!
1054 533 1061 542 ,

185 539 241 602 'l'ot
264 541 383 621 populis
405 550 435 602 ct
457 549 498 602 tot
521 543 665 604 munitam
689 542 825 604 turribus
848 543 953 605 urbem

227 624 357 688 Credere
379 629 448 706 quis
470 633 572 706 posset
594 625 749 688 obsidione
771 629 848 708 cepi.

186 710 307 772 Corruit
328 712 436 772 invicta
459 713 578 781 totiens,
603 711 739 789 nihilque
761 713 906 774 remansit

228 795 394 856 lucinerata
415 795 503 875 jacet,
526 794 579 856 sed
602 814 700 875 neque
724 814 833 858 nornen
855 795 954 861 babet.
1000 809 1007 822 ¹
1105 808 1161 858 850

188 879 318 948 Corruit,
342 879 511 960 exemplum
534 882 625 941 terris
647 873 778 942 immane
801 879 937 951 dabatur,

229 963 314 1035 Quod
337 980 480 1041 praesens
503 973 614 1027 certam
639 983 698 1027 non
721 963 811 1026 babet
832 965 906 1027 bora
928 965 1027 1027 fidem.

118 1105 122 1110 .
184 1047 258 1109 Nam
282 1065 367 1126 seges
390 1058 443 1119 est,
468 1048 518 1109 ubi
542 1047 630 1128 Troja
653 1051 719 1120 luit,
743 1049 965 1130 resecandaque
987 1051 1063 1112 ialce

228 1132 374 1194 Luxuriat
396 1133 526 1212 Phrygio
549 1136 694 1210 sanguine
716 1136 835 1215 pinguis
857 1134 974 1196 liumus.

186 1214 382 1296 Semisepulta
406 1217 501 1278 virum
525 1220 625 1280 curvis
647 1220 798 1280 feriuntur
820 1225 929 1281 aratris
1103 1229 1156 1280 855

229 1300 315 1372 Ossa,
338 1302 478 1364 ruinosas
500 1301 610 1364 occulit
633 1303 726 1365 berba
750 1304 866 1364 domos.

186 1386 280 1448 Causa
301 1388 349 1447 rei
371 1385 439 1448 talis
461 1389 602 1448 meretrix
627 1394 692 1448 erat
715 1386 843 1450 exitialis

225 1471 376 1534 Formosis
399 1471 486 1532 malis
507 1471 623 1538 artibus
645 1489 695 1533 usa
719 1471 812 1533 malis.

185 1554 320 1634 Conjugii
341 1554 493 1617 Menelaus
516 1574 580 1618 eam
604 1556 683 1636 quod
706 1575 810 1618 amore
831 1558 971 1635 requirit,

226 1639 311 1710 Quod
334 1646 377 1709 tu,
401 1639 479 1721 quod
503 1641 616 1701 laceret
637 1639 772 1721 quilibet,
795 1643 853 1702 iste
876 1641 955 1703 lacit.
1102 1651 1157 1700 861)

451 1803 665 1874 [conclusio
685 1803 884 1874 5511511115]

184 1909 250 1972 Jam
273 1919 392 1989 portum
416 1926 481 1971 mea
504 1910 602 1972 cimba
625 1919 718 1981 tenet,
739 1910 799 1989 jam
823 1917 911 1971 nauta
935 1911 1069 1986 quiescit,

226 1991 359 2056 Plurima
382 1996 432 2072 qui
456 1996 563 2056 mersit
585 1995 701 2071 agmina
726 1996 831 2057 mortis
854 1996 946 2075 aquis.

183 2077 307 2140 lnrclvit
329 2096 396 2138 cum
421 2077 508 2155 plebe
531 2076 632 2148 duces,
657 2096 723 2140 cum
746 2081 884 2160 principe
908 2077 1022 2157 vulgus,

227 2164 300 2225 Cum
322 2161 434 2244 populo
456 2180 598 2243 proceres
621 2161 839 2242 belligerosque
861 2173 951 2224 rates.

184 2249 328 2326 Pergama
353 2254 396 2307 tot
418 2249 536 2329 populis
558 2247 707 2325 quondam
732 2250 882 2325 terrisque
904 2248 1033 2330 superba
1102 2257 1154 2306 855

227 2331 375 2394 Mortibus
397 2332 561 2393 innumeris
582 2334 666 2393 misit
687 2334 718 2392 15
741 2334 903 2394 interitum.

186 2417 244 2477 1151
265 2418 357 2496 igitur
379 2433 433 2493 per
456 2415 635 2496 exemplum,
659 2434 753 2492 genus
776 2436 793 2477 o
816 2416 941 2478 mortale
963 2435 1085 2478 reorum

226 2499 271 2562 td
292 2503 384 2562 linem
408 2501 491 2562 duxit
512 2519 587 2579 quos
610 2500 686 2561 mala
709 2502 765 2562 rita
789 2500 910 2564 malum.

184 2638 383 2646 ’ῤ’-ὴ..-

186 2703 247 2756 848.
265 2704 289 2752 9.
308 2702 433 2753 Imitetio
451 2701 547 2752 Sebini
564 2704 586 2765 1,
606 2705 638 2752 14

283 2770 347 2821 «lem
367 2770 437 2822 cinis
455 2775 484 2820 51
501 2774 609 2821 tentum
627 2769 720 2821 flebile
739 2769 824 2835 Troja
843 2770 937 2822 solum.

183 2840 243 2889 851.
261 2836 314 2888 Ov.
332 2852 355 2886 e.
373 2837 452 2893 Pone.
471 2839 519 2901 1v,
537 2839 562 2901 3,
581 2839 615 2888 50

285 2905 323 2956 Et
341 2909 445 2956 certem
462 2920 597 2971 praesens
615 2905 662 2958 vix
680 2905 765 2956 babet
782 2909 856 2956 terre
874 2904 964 2956 fidem.

139 2984 146 3006 1
183 2975 310 3027 858-55.
336 2972 430 3024 Ovidii
457 2977 522 3024 5551
548 2973 661 3024 Heroid.
685 2973 708 3026 1.
731 2990 757 3023 v.
775 2974 886 3034 53--56,
913 2973 1033 3024 mutavit
1060 2978 1152 3024 temen

183 3045 279 3091 noster
301 3039 461 3104 „Phrygio“
485 3041 578 3092 Ovidii
606 3042 636 3091 in
664 3041 780 3107 frigid03
808 3040 971 3092 Ouidianum
1003 3042 1152 3092 tenuimus.

183 3109 243 3159 854.
260 3121 362 3173 mergo.
381 3108 509 3158 virorum.
561 3110 620 3162 856.
633 3111 675 3160 51.
694 3107 785 3159 Guido
803 3107 838 3160 de
850 3108 953 3160 Colum.
969 3109 1022 3172 (ed.
1035 3108 1150 3173 Argent.

185 3177 263 3238 1494)
283 3174 332 3226 iol.
351 3175 475 3240 paenult.
494 3179 524 3227 A.
544 3177 596 3227 ool.
615 3193 639 3226 a.

287 3241 378 3293 (15555
396 3243 437 3292 rei
454 3243 520 3295 15115
538 3245 669 3294 meretrix
688 3247 749 3294 erat
768 3243 900 3307 exitialis,

320 3311 437 3361 Femina
456 3310 563 3376 fatalis,
583 3311 688 3362 femine
705 3311 782 3362 socia
800 3311 890 3366 malis.

183 3377 243 3430 858.
264 3392 279 3427 5
297 3379 422 3444 margine
439 3395 489 3445 pro
508 3395 612 3430 emere.
679 3381 739 3430 861.
756 3381 833 3446 Virg.
851 3378 920 3430 Aen.
939 3380 976 3439 11,
995 3382 1045 3432 556

285 3445 434 3510 Pergame3
452 3452 495 3499 tot
513 3447 649 3511 quondam
668 3447 778 3514 populis
796 3449 931 3512 terrisque
949 3447 1098 3514 superbum

286 3512 469 3578 Regnatorem
489 3511 584 3566 Asiae.
