2590 3984
469 168 530 220 Lib.
550 168 602 218 111.
637 185 664 219 v.
683 170 826 222 ost—564.

108 319 127 406 l
163 322 264 384 Patril
287 320 435 390 Nonstua
457 318 631 398 projicietur
654 322 685 380 in
709 338 776 380 arva
800 319 942 394 subistis

127 407 133 430 l
209 407 311 469 Corvis
335 412 369 465 et
387 403 511 464 canibus
534 403 725 464 dilacerando
749 422 827 465 caro.

164 493 225 554 Nec
247 508 340 560 mora,
364 486 656 566 regale'pcrcellens
679 489 804 566 cuspide
826 497 939 566 guttur,

207 576 287 637 llaec
310 573 346 633 de
368 569 498 634 Patrocli
519 573 636 640 sunere,
660 572 742 641 dixit,
766 573 858 642 habe;
1082 584 1135 632 545

164 660 201 722 Et
223 660 260 722 de
283 657 439 718 funeribus
462 654 536 726 aliis,
560 675 636 736 quae
660 658 739 718 misit
761 657 798 718 ad
821 675 923 720 amnes
1138 661 1140 664 ’

207 744 230 804 Ε
253 744 364 804 nostris
386 739 505 820 populis
527 741 601 803 haec
623 748 673 801 tua
697 741 800 802 dextra
823 741 931 822 Stygis.

164 829 291 908 Palpitat
313 827 363 887 hic
385 827 573 904 animamque
595 843 717 886 vomens
739 827 770 886 in
793 828 937 905 sangnine

206 912 250 974 Ad
272 911 484 989 Phlegetontea
506 912 623 988 cogitur
645 912 691 970 ire
715 910 795 971 vada.

163 996 286 1059 Infelix!
310 1003 420 1074 quante
442 992 556 1071 glossae
578 996 688 1055 virtute
711 997 836 1072 parasti!
884 1027 890 1032 -
1081 1003 1132 1052 545

206 1080 286 1152 Quas
307 1079 362 1140 tibi
386 1077 505 1139 delicias
528 1077 628 1140 fratris
652 1080 745 1140 amica
768 1079 863 1141 dedit!

166 1164 239 1236 Quis
261 1171 355 1225 status
378 1168 423 1224 est
445 1161 720 1238 mundimeretrix
744 1167 819 1241 quae
842 1164 931 1242 digna
956 1165 1081 1225 cremari

207 1251 264 1311 Tot
287 1248 357 1309 lecit
378 1264 519 1327 proceres
541 1255 642 1325 totque
665 1249 764 1326 perire
788 1249 895 1318 duces;

162 1334 199 1394 Et
221 1333 428 1400 nonjnvitosl
451 1330 541 1390 Video
564 1331 643 1411 quod
667 1339 774 1410 sponte
796 1332 940 1394 subibant

134 1453 136 1456 ·
207 1417 316 1480 Bellica
340 1414 465 1494 suplicia
487 1433 542 1494 pro
565 1415 692 1475 muliere
716 1416 801 1476 mala.
1080 1424 1132 1474 555

162 1501 302 1564 Exultant
324 1501 428 1569 Danai,
453 1498 608 1579 deplorant
630 1498 757 1575 Hectora
781 1498 885 1561 Troes'

207 1585 376 1663 Plangendo
399 1583 491 1644 celeri
513 1582 689 1644 consuluere
713 1584 809 1662 lugae.

164 1670 277 1732 Graeca
300 1669 430 1750 phalanx
452 1670 593 1747 sequitur,
618 1667 654 1728 ad
676 1677 793 1747 portam
816 1668 953 1729 Memnon
978 1668 1088 1728 eisdem

205 1753 311 1816 Obviat
334 1761 364 1830 et
386 1751 517 1832 Phrygii,
541 1769 638 1831 pugna
662 1753 694 1812 lit
716 1755 794 1814 acris
815 1752 868 1814 ibi.

161 1837 278 1900 Mixtim
302 1836 476 1906 caeduntur,
500 1836 619 1896 tandem
642 1855 700 1896 nox
723 1835 820 1898 sidera
843 1837 956 1916 spargit
1080 1844 1131 1894 555

109 1959 110 1962 =
205 1920 320 1983 Bellum
344 1919 570 2001 compescitur
593 1939 645 1981 sua
669 1923 793 2002 quisque
816 1923 904 1984 redit.

212 2066 387 2124 annitens
407 2065 534 2122 occiso
552 2065 723 2121 nucroian
741 2066 853 2122 enom
871 2068 910 2124 m
929 2031 1078 2124 casuue.

167 2172 290 2235 Saucius
313 2181 343 2234 et
363 2174 460 2234 lessus
483 2174 513 2231 in
536 2169 632 2234 castra
654 2191 792 2234 reversus
813 2173 949 2242 Achilles,
1004 2229 1012 2244 ,

208 2259 370 2320 Corruerat
392 2259 531 2334 quoniam
556 2257 701 2317 maximus
723 2256 824 2326 hostis,
848 2267 923 2317 ovat.

163 2343 241 2404 Dicit
262 2341 411 2402 Homerus
435 2358 501 2400 eum
525 2343 649 2402 traxisse
671 2359 726 2418 per
749 2359 816 2401 arva
839 2339 984 2400 misellum

191 2427 290 2487 ,Busti
312 2424 459 2504 majorum
483 2425 645 2484 circuendo
667 2424 775 2495 locum,
1077 2431 1128 2481 555

162 2510 328 2588 Praecipue
351 2525 421 2568 vero
445 2507 581 2582 Patrocli,
605 2507 691 2586 cujus
713 2507 855 2570 Achillem

203 2595 283 2654 Mors
305 2593 395 2653 nimis
418 2593 542 2660 exussit;
566 2592 663 2655 lenior
685 2593 754 2653 inde
777 2592 839 2663 luit,

161 2676 320 2755 Quumque
343 2675 452 2738 malum
476 2684 598 2755 propter
620 2675 696 2738 mala
720 2676 812 2739 multa
834 2677 984 2757 receperit
1005 2676 1096 2737 imum

202 2761 249 2823 Illi
270 2760 425 2841 probrosis
447 2761 650 2840 impejerando
673 2763 760 2823 notis.

228 2913 276 2964 537
295 2926 336 2975 sq.
354 2911 504 2976 Epitomat.
523 2912 582 2962 997.
600 2913 633 2962 98

264 2979 304 3028 Te
322 2994 388 3029 vero
406 2979 556 3042 tristesque
575 2980 649 3028 ferae
667 2982 836 3044 cunctaeque
853 2979 979 3030 volucres

262 3045 420 3110 Deripient,
440 3044 569 3108 avidique
588 3061 671 3097 onnes
691 3053 739 3098 tua
757 3048 865 3097 viscera
883 3050 1006 3112 pascent.

160 3115 217 3164 542.
238 3113 327 3178 stygis
353 3129 402 3178 pro
432 3113 490 3162 cod.
514 3119 619 3178 stygos.
704 3115 762 3164 545.
781 3113 874 3164 Glosa.
895 3114 1001 3167 Glossis
1024 3112 1128 3164 femine

158 3181 235 3232 clara
253 3181 316 3232 tuit.
327 3206 360 3215 -
373 3178 484 3230 Helena
495 3195 564 3230 uxor
577 3181 672 3232 fratris
685 3179 802 3232 Paridis.
854 3183 912 3234 556.
925 3182 1046 3245 Epitom.
1062 3184 1127 3234 1007

278 3248 435 3299 Laetantur
452 3247 554 3310 Densi,
575 3247 711 3313 plangunt
730 3264 780 3299 sua
798 3249 899 3299 funera
916 3249 1004 3299 Troes

159 3317 217 3367 555.
238 3314 288 3366 Ov.
308 3314 375 3364 Met.
395 3329 449 3365 nox
468 3314 575 3365 coelum
593 3321 735 3380 sparserat
754 3316 846 3367 astris.
915 3317 973 3368 559.
991 3317 1128 3367 Homerus

156 3383 177 3433 i.
195 3397 219 3433 e.
237 3381 358 3448 Epitom.
379 3397 404 3434 v.
425 3383 489 3432 1010
507 3396 567 3447 sqq.
585 3381 655 3433 haec
673 3387 777 3434 narrat.
847 3385 904 3438 560,
924 3383 1042 3434 excessit
1059 3399 1127 3433 mar-

156 3451 232 3516 ginis
251 3449 374 3500 soholion
392 3463 454 3514 per:
474 3450 691 3512 ‚,conturbavit“
711 3450 872 3516 explicatur.
