2590 3984
451 197 513 248 uro.
532 183 583 246 111'.
619 211 646 246 v.
668 197 807 245 ros-eet.
1073 193 1112 260 ῃ

106 390 109 394 -
146 349 286 412 Curando
309 349 374 410 fieri
396 347 541 427 quaedam
564 347 676 426 majora
699 346 833 407 ridemus
1065 358 1113 407 195

190 433 328 504 Vulnera,
352 451 427 513 quae
451 431 558 493 melius
580 449 640 492 non
663 432 798 509 tetigisse
819 433 885 491 luit.

143 519 223 580 Sunt
245 519 333 579 etiam
356 535 447 578 nares
469 514 662 595 reparandae.
707 515 811 576 Nonne
833 514 947 585 videtis,

189 604 316 682 Semper
338 621 389 664 eas
410 603 501 662 rastis
522 598 601 680 quod
625 601 719 678 quatit
740 599 839 660 Eurus
862 601 964 679 aquis?

148 685 185 747 Et
207 689 266 748 cito
289 687 426 748 deficient
449 684 599 751 alimenta,
622 682 752 752 cibaria;
767 683 860 744 'multi

188 772 347 852 Temporis
370 771 506 832 assiduus
528 767 618 829 debet
640 767 751 828 habere
773 767 868 828 labor.
1063 779 1114 828 200

145 855 198 916 list
220 855 308 916 etiam
331 855 465 916 modicus
487 854 648 922 exercitus,
671 861 701 913 et
723 851 792 930 quia
815 851 925 914 bellum

189 940 277 1001 Forte
299 939 350 1013 diu
372 937 471 1007 stabit,
495 936 592 1019 major
614 935 768 997 habendus
791 938 858 997 erit.

147 1021 871 1103 mmmmwfflmwm

190 1108 228 1169 Et
249 1107 326 1169 bene
349 1125 464 1188 secura,
487 1123 545 1167 nec
566 1105 623 1165 nisi
645 1122 719 1184 pace
742 1103 818 1170 data.

147 1193 227 1268 Ergo
249 1192 438 1270 requiramus
460 1207 573 1271 pacem,
597 1206 759 1269 pacemque
783 1193 947 1258 triennem:
1063 1199 1113 1249 200

193 1277 325 1356 Tempus
348 1285 379 1338 ut
401 1275 554 1337 obtineant
575 1283 796 1352 promcmorata
819 1282 925 1335 ratum.

148 1359 226 1421 Dixit
247 1371 278 1421 et
300 1361 336 1421 ad
358 1361 509 1422 Priamum
533 1353 690 1419 confestim
715 1359 802 1418 mittit
824 1358 941 1420 Ulixem

72 1445 74 1450 ’
191 1445 264 1506 Cum
288 1444 430 1507 Diomede
453 1443 535 1520 loqui
557 1441 646 1503 verba
669 1444 770 1522 priora
793 1442 859 1505 sini.

211 1607 345 1663 NUNTII
364 1607 635 1664 AGAMEMNONIS
652 1606 822 1664 VENIUNT
840 1606 879 1661 IN
898 1605 1049 1664 TROIAM.

150 1714 216 1775 Nox
238 1721 304 1775 erat
325 1721 357 1776 et
379 1712 500 1792 Trojam
522 1713 674 1776 imitanter
696 1715 799 1775 nuntia
821 1713 940 1782 vadunt,

191 1801 229 1858 nt
250 1816 313 1867 sue,
336 1799 414 1859 iorte
436 1799 502 1875 quis
524 1798 700 1868 his'obriat,
725 1814 804 1858 arma
828 1797 937 1856 lerunt.
979 1851 1004 1862 ,,
1065 1805 1115 1854 210

150 1883 243 1943 immo
265 1881 360 1943 Dolon
384 1883 515 1944 occurrit
538 1885 581 1944 eis
604 1901 621 1943 e
642 1881 771 1942 Troibus
793 1899 883 1947 nnus:

191 1967 322 2038 Quaerit,
346 1984 405 2045 quo
428 1967 525 2030 medlo
548 1975 684 2045 tempore
706 1967 801 2026 noctis
823 1974 902 2034 eant,

151 2049 188 2110 lit
209 2052 252 2111 sic
275 2051 396 2119 armati;
421 2060 566 2113 nocturna
589 2053 718 2130 negotia,
742 2050 822 2118 dicit,

195 2137 343 2215 Armaque
363 2134 432 2214 jure
454 2145 555 2197 notarn
577 2136 756 2216 suspicionis
778 2133 896 2196 habent
1123 2209 1125 2212 ¹

152 2217 292 2280 Vadimus
315 2219 351 2279 ed
373 2219 535 2290 Priamum,
558 2220 751 2300 respondent,
774 2235 867 2298 pauca
890 2219 1015 2286 reterre,
1065 2225 1115 2275 215

194 2302 277 2374 Quae
298 2321 353 2381 per
375 2321 430 2364 nos
452 2304 582 2385 loquitur
604 2322 658 2364 rex
680 2303 882 2381 Agamemnon
905 2302 942 2361 ei.

148 2385 295 2468 Trojanos
318 2387 397 2468 quod
419 2388 594 2468 prodiderit,
618 2389 764 2448 mentitur
786 2387 944 2454 Homerus,

193 2469 278 2542 Quod
301 2474 341 2532 sit
362 2472 487 2533 istorum
510 2472 645 2552 perditus
666 2488 737 2544 0000
760 2469 871 2540 ltolon;

153 2551 241 2626 llicit,
265 2554 335 2617 dum
357 2556 455 2617 luerat
476 2557 603 2618 scrutari
626 2557 734 2616 missus
755 2554 881 2616 Achivos

194 2639 294 2702 lionec
317 2641 480 2710 transierit,
503 2639 655 2702 delituisse
678 2640 762 2700 duos.
1065 2647 1116 2696 220

149 2724 259 2803 Captus
282 2723 318 2785 ab
342 2725 388 2785 his
409 2724 524 2787 Troum
545 2727 652 2786 recitat
675 2730 791 2786 secreta
813 2721 931 2784 duobus

195 2808 352 2870 insinuans
373 2826 428 2888 per
450 2810 529 2888 quod
552 2809 782 2888 ingrederentur
803 2808 870 2868 lter.

152 2892 278 2954 llaxima
301 2892 391 2972 Troja
413 2893 486 2954 mihi
507 2912 632 2956 currum
654 2893 790 2972 promisit
810 2890 944 2960 Achillis,

195 2975 310 3048 Intulit,
334 2977 487 3056 Argolicae
509 2979 535 3038 si
556 2985 735 3058 caperentur
757 2994 839 3054 opes.

218 3145 276 3195 195.
289 3145 315 3196 d.
328 3144 379 3195 0v.
394 3145 473 3196 Pont.
486 3145 523 3210 11,
538 3147 562 3210 t,
575 3145 617 3196 to.
631 3145 672 3195 26.
707 3145 765 3194 205.
779 3144 867 3210 Merg.
880 3143 1028 3195 triennem.
1047 3141 1116 3192 Meo.

148 3211 292 3266 trientem.
344 3214 402 3263 214.
420 3214 508 3278 Merg.
526 3219 630 3264 notem.
649 3211 718 3267 Moe.
730 3225 838 3261 nonem.
890 3212 951 3275 217.
969 3209 1118 3263 mentibus.

149 3277 298 3330 Homerus.
320 3280 423 3330 Noster
440 3279 657 3346 Epitomatorem
674 3279 727 3331 hoc
744 3279 855 3330 nomine
875 3275 1024 3344 significat,
1044 3277 1118 3344 apud

150 3360 235 3412 quem
254 3346 326 3398 boec
344 3361 371 3397 r.
389 3349 440 3399 tot
457 3362 517 3413 sqq.
535 3352 692 3402 narremur.
760 3348 820 3397 228.
838 3345 958 3410 Epitom,
976 3345 1033 3396 120.
1052 3347 1093 3395 21.

272 3414 395 3465 Maxime
412 3413 496 3478 Troje
513 3415 581 3466 m'ihi
599 3430 707 3466 currum
725 3412 849 3480 promisit
865 3411 983 3464 Achillia

303 3481 333 3532 Si
350 3488 461 3533 restrae
481 3483 605 3548 cepisset
623 3496 700 3548 opes.
