2590 3984
220 161 283 223 114
535 164 597 213 aaa.
615 165 661 215 rv.
691 181 715 215 v.
734 165 877 216 ars-too.

220 313 345 377 Fraudis
368 315 403 376 ad
427 315 563 377 incudem
588 315 721 378 defertur
745 315 871 377 malleus
893 317 955 376 irae
1141 327 1195 376 3752

264 398 386 460 Vindice
410 399 560 461 fabricans
582 403 651 480 igne
675 401 787 462 doloris
811 419 910 462 acum.

225 485 396 546 Femineam
420 484 556 546 fraudem
580 503 667 546 nemo
691 487 829 564 cognovit
851 485 887 546 ad
911 502 1040 562 unguem

267 569 331 630 Scit
354 571 447 646 magis
470 569 640 630 instabilem
664 570 796 649 pendere
819 568 919 629 mrllus
942 587 1034 631 arem.

223 653 333 714 Evocat
355 653 430 714 haec
453 653 606 714 Paridem:
630 657 708 715 nosti
730 657 832 736 patris,
855 655 959 733 inquit,
982 653 1125 716 Achillem

267 737 403 799 Hectoris
426 746 455 798 et
477 736 570 799 Troili
593 739 726 800 membra
750 737 867 798 dedisse
889 741 971 807 neci;
1047 750 1049 756 '
1140 749 1193 800 380
1281 783 1282 790 ,

223 823 289 893 Quo
313 822 453 882 damnum
477 825 590 903 patriae
613 823 695 885 dedit
717 820 919 900 insuperabile
943 831 1072 894 nostrae,

267 907 342 967 Nam
364 905 472 986 Trojae
495 907 617 986 clypeus
640 926 744 968 murus
767 917 796 967 et
818 925 905 968 arcus
928 916 1022 968 erant.

224 991 342 1053 Laudes
366 992 488 1050 eximias
510 991 556 1051 bis
578 991 672 1054 indita
695 1010 813 1070 semper
836 991 985 1062 honestas,

266 1073 368 1136 Inclita
392 1073 507 1145 militia,
532 1075 647 1153 perdita
671 1078 727 1136 vita
750 1076 842 1136 dedit.

216 1161 290 1238 ¹Seis
313 1161 401 1220 etiarn
425 1159 504 1239 quod
528 1168 592 1220 erat
613 1161 793 1222 fortissimus
817 1179 893 1220 unus
918 1168 947 1220 et
969 1160 1051 1232 alter,
1140 1169 1189 1220 385

266 1245 299 1304 ln
323 1243 417 1305 stadio
438 1243 541 1304 mundi
563 1262 622 1304 non
646 1244 777 1306 habuere
799 1261 897 1324 pares.

227 1329 318 1390 Fater
341 1329 423 1388 etin
447 1329 536 1388 lando
558 1329 707 1408 singultus
729 1333 794 1408 ipsa
816 1329 967 1405 loquentis

269 1411 395 1473 Verbula
420 1411 598 1488 delacerent,
624 1415 727 1494 vixque
750 1429 856 1474 sonare
880 1413 990 1474 sinunt.

223 1498 384 1559 Articulata
407 1498 484 1574 perit
505 1517 571 1568 vox,
596 1499 696 1576 prodit
718 1496 906 1559 inarticulata
1281 1555 1282 1560 ,

267 1582 303 1642 Ει
325 1581 495 1659 singultatis
517 1581 640 1661 subjicit
661 1581 711 1642 illa
735 1583 824 1643 souis.
1141 1593 1194 1644 390
1281 1649 1282 1654 γ

226 1667 313 1727 Nunc
335 1667 466 1745 primum
488 1665 561 1726 llere
583 1665 754 1727 renitebant
776 1664 863 1726 ambo
884 1663 1032 1744 juventae,

268 1750 340 1811 Vae!
369 1753 423 1810 toti
447 1751 560 1828 patriae
583 1768 673 1830 quum
698 1748 946 1812 cecidere-malet

223 1834 360 1896 Dedecus
381 1834 439 1894 hoc
460 1834 649 1913 reprehende
673 1836 741 1905 tuis,
764 1835 789 1894 si
811 1833 961 1910 mileses,
985 1837 1084 1907 armis,

268 1918 300 1978 Si
323 1920 403 1989 vivis,
427 1921 504 1979 tanti
527 1920 660 1980 criminis
682 1918 761 1980 ultor
784 1921 854 1980 cris.

228 2003 349 2082 Quoque
374 2002 461 2062 modo
484 2006 588 2081 possis,
613 2021 699 2065 aures
721 2003 849 2078 adverte,
875 2001 998 2073 docebo,
1142 2013 1196 2062 395

268 2087 371 2147 Nitere
395 2085 530 2148 doctrina
554 2088 697 2168 providus
719 2105 783 2150 esse
805 2106 881 2148 mea.

228 2173 264 2232 Et
286 2173 312 2231 si
334 2189 393 2231 nou
417 2175 533 2250 poteris
556 2174 611 2234 boc
636 2172 758 2242 viribus,
782 2180 845 2232 arte
868 2173 987 2242 lruaris,

268 2258 338 2316 Arte
363 2255 471 2317 cadunt
493 2257 601 2326 turres,
625 2265 687 2342 arte
711 2256 824 2317 levatur
847 2273 932 2317 onus.

228 2341 259 2402 Si
282 2342 348 2420 quis
371 2358 453 2400 arem
477 2341 548 2401 velit
571 2348 600 2401 et
621 2341 708 2402 aliam
731 2358 796 2401 rem
818 2341 975 2418 prendere,
999 2338 1089 2402 rebus

273 2424 442 2484 Prendendi
465 2428 543 2486 caris
567 2433 692 2503 occupet
713 2423 762 2485 ille
784 2424 899 2494 locum;

232 2508 403 2570 Abscondat
423 2510 555 2589 laqueos,
578 2508 702 2589 laqueus
725 2511 750 2570 si
764 2509 849 2579 ,forte
872 2507 997 2576 ridetur,

272 2595 331 2654 lies
354 2593 528 2671 prendenda
551 2595 635 2671 fugit,
659 2612 786 2673 spesque
809 2593 914 2654 relicta
935 2594 1025 2672 perit.

232 2680 341 2739 Cautus
364 2679 443 2738 enim
468 2679 582 2738 loveam
605 2679 710 2738 metuit
731 2677 819 2757 lupus
843 2679 1053 2755 accipiterque,

271 2762 431 2841 Suspectus
453 2763 576 2840 laqueos
598 2770 630 2822 tu
653 2780 771 2841 quoque
794 2761 881 2822 milve
903 2763 993 2838 iugis
1281 2831 1282 2842 χ

216 2846 370 2912 ,Providus
393 2853 445 2918 est,
469 2849 589 2926 sapiens
612 2853 665 2914 est,
690 2845 783 2916 sortia,
808 2852 911 2908 cautus
934 2835 1087 2906 Achilles?
1145 2855 1201 2904 405
1281 2845 1282 2872 ¹

271 2934 327 2992 Ars
350 2937 469 2992 cautum
493 2939 577 2992 caute
601 2931 703 2994 lallere
726 2938 812 2992 cauta
834 2931 919 2992 solet.

295 3118 355 3166 394.
373 3117 461 3180 Marg.
480 3115 509 3165 Si
526 3117 636 3166 vividus
650 3131 688 3166 es.
759 3117 817 3166 395.
838 3119 880 3164 est
899 3114 1026 3165 Guolteri
1043 3111 1200 3168 Alexandr.

226 3185 250 3246 I,
269 3200 296 3236 v.
316 3185 356 3234 83.
427 3185 484 3234 398.
503 3183 639 3248 Pamphil.
657 3182 708 3241 III,
729 3185 769 3234 14.
806 3183 893 3233 'lotus
911 3183 957 3232 bic
969 3182 1047 3232 locus
1061 3183 1203 3234 aar—403

227 3251 397 3316 periphrasis
428 3257 470 3300 est
498 3251 647 3315 Pamphilii
674 3250 859 3314 III,12sqq.
946 3253 1005 3301 403.
1022 3252 1047 3300 4.
1073 3248 1203 3300 Imitatio

224 3319 326 3370 Horat.
343 3319 394 3382 Ep.
412 3318 435 3376 Ι,
456 3321 496 3380 16,
516 3321 557 3368 50.
575 3321 616 3372 51.

296 3385 404 3435 Cautus
423 3386 493 3435 enim
512 3385 610 3435 metuit
628 3384 738 3436 foveam
755 3385 836 3451 lupus
856 3385 1042 3450 accipiterque

297 3450 447 3517 Suspectos
465 3451 579 3520 laqueos
598 3457 625 3502 et
644 3455 767 3517 opertum
787 3453 887 3502 miluus
905 3453 1025 3507 hamum.
