2592 3978
41 3196 58 3303 ζ.

200 165 225 214 x
606 155 759 206 Praefatio,

222 304 300 378 „Sed
324 304 444 384 Phrygii
468 311 549 365 tenet
572 297 726 368 historiam
749 307 827 369 liber
849 312 904 371 iste
928 311 1051 381 Daretis,

265 390 321 461 Qut
343 397 463 467 praeter
485 407 586 450 verum
610 391 756 470 scriptitat
777 393 847 454 inde
871 394 954 455 nihil.

223 475 309 537 Hunc
331 490 441 552 sequor
464 480 543 534 etc.“

202 569 232 621 et
253 559 303 620 lib.
327 556 374 618 vt.
396 575 421 616 v.
444 552 506 618 697
523 575 585 637 sqq.

222 641 329 714 „Nulla
353 650 510 721 poetarum
532 645 632 721 posuit
654 644 802 720 figmenta,
826 644 943 707 Daretis

264 727 425 788 Historiam
447 724 527 786 soliti
550 726 694 800 scribere,
717 746 785 788 vera
808 737 923 790 tenens.

223 811 260 872 Et
281 811 429 889 Phrygius
451 809 509 870 luit
531 808 579 873 illc
602 811 703 881 Dares,
728 821 758 872 et
779 822 914 892 tempore
927 813 1005 876 'beiti
1084 817 1086 820 ’

265 896 330 972 lpse
352 892 471 973 quidem
496 893 581 956 miles
603 895 717 972 proelia
740 898 801 957 visa
824 899 947 966 relert“.

286 979 344 1040 Sed
378 980 564 1038 narrationes
596 984 625 1038 et
658 979 853 1042 allocutiones
888 1000 971 1044 more
1008 993 1164 1063 poetarum

200 1065 401 1130 intercalavit,
434 1080 510 1140 quae
543 1081 558 1123 a
587 1065 710 1124 veritate
744 1081 803 1125 nou
833 1066 1004 1146 discrepare
1037 1076 1066 1128 et
1097 1088 1167 1130 eum

202 1148 310 1209 Dareta
334 1147 399 1226 (eir.
422 1144 472 1206 lib.
495 1146 543 1208 lil.
562 1166 588 1207 v.
610 1143 671 1207 241
687 1147 761 1228 sqq.)
785 1167 951 1228 congruere
975 1149 1165 1214 ridebantur:

222 1233 329 1302 „Hunc
365 1231 524 1308 (herotem)
560 1249 671 1310 sequor
707 1232 846 1294 adhibitis
886 1235 1036 1296 interdum
1074 1236 1165 1298 verba
1271 1251 1272 1254 ’

649 1333 779 1377 errorum

265 1400 382 1472 Quaeve
405 1397 603 1479 loquebantur
624 1399 670 1460 rel
693 1409 818 1478 potuere
839 1401 932 1483 loqui.

223 1485 360 1545 Ponatur
376 1482 456 1564 quod
479 1488 510 1542 et
532 1482 563 1543 hi
585 1501 645 1544 non
668 1487 730 1546 sint
752 1503 784 1546 ea
807 1487 886 1546 forte
907 1485 1008 1558 locuti,

266 1570 378 1630 Causae
401 1569 566 1647 praesentis
588 1577 658 1629 sunt
679 1575 778 1630 tamen
802 1577 868 1649 apta
891 1574 968 1632 rei“.

286 1651 441 1730 Virgilium
474 1659 505 1713 et
536 1651 698 1713 Homerum
728 1653 919 1716 vehementer
952 1654 991 1717 ob
1022 1657 1179 1725 fictiones,

201 1747 234 1800 ut
257 1739 346 1799 etiam
378 1735 477 1816 Dictys
505 1743 535 1796 et
557 1735 653 1797 Guido
683 1737 719 1810 de
743 1737 884 1799 Columna
912 1739 1056 1808 fecerant,
1092 1743 1166 1802 ritu-

203 1831 304 1902 perat,
332 1822 361 1882 id
386 1821 464 1900 quod
494 1817 576 1881 locus
598 1819 650 1881 lib.
674 1819 714 1881 ill
736 1840 763 1881 v.
786 1819 858 1884 217.
882 1818 944 1884 227
960 1841 1025 1904 sqq.
1049 1823 1085 1884 de
1108 1824 1166 1885 Do·

201 1905 269 1967 lone
292 1913 322 1967 et
343 1905 435 1966 Rhesi
457 1906 540 1984 cquis
563 1906 634 1966 satis
658 1904 753 1975 docet,
776 1905 826 1967 ubi
849 1906 933 1968 dicit:

224 1988 401 2072 „Trojancs
426 2006 501 2066 quos
523 1988 699 2068 prodiderit,
723 1992 866 2052 mentitur
889 1991 1059 2054 Homerus“

223 2075 306 2146 „Hos
327 2075 462 2153 rapuisse
485 2071 582 2141 simui,
607 2092 681 2154 quos
703 2073 784 2135 nulla
807 2078 908 2154 perire
932 2079 1036 2154 sagitta
1124 2087 1126 2091 '

266 2159 368 2218 Posset
390 2157 555 2236 nubigenos
577 2158 625 2219 hic
648 2160 824 2220 memoravit
847 2176 948 2237 equos.

226 2242 412 2305 Crediderim
436 2243 478 2302 sic
501 2242 630 2303 dicentii
652 2243 719 2322 quis
741 2240 820 2303 nube
843 2250 958 2302 creatos

265 2327 409 2407 hprimo
432 2324 534 2387 mundi
556 2334 691 2405 tempore
714 2326 787 2387 vidit
809 2327 921 2406 equos?

224 2411 288 2472 Non
312 2412 422 2471 miror!
445 2409 556 2490 majora
579 2417 678 2472 moret
699 2410 854 2472 mendacia
876 2410 964 2481 bello,

266 2499 317 2559 isti
340 2515 431 2576 quum
453 2495 529 2555 duos
551 2502 653 2556 narret
673 2494 777 2556 adesse
800 2495 880 2555 deos.
1066 2560 1068 2564 ¹

223 2583 282 2644 Pro
304 2581 407 2642 Pelide
429 2581 541 2648 Thetis,
564 2596 619 2657 pro
641 2578 762 2639 Graecis
785 2579 863 2639 luno
887 2580 997 2638 fatetur

266 2666 303 2727 Et
325 2665 401 2746 quod
425 2681 480 2744 pro
503 2662 609 2723 Paride
632 2663 759 2722 moverit
780 2678 861 2721 arma
884 2660 993 2722 Venus.

224 2751 382 2812 Praeterea
405 2756 490 2809 recto
512 2763 571 2806 non
595 2747 704 2806 cecinit
726 2745 831 2806 ordine
855 2742 964 2805 bellum

268 2835 324 2897 dut
345 2851 361 2893 a
385 2830 539 2900 militibus,
556 2831 613 2908 qui
635 2828 780 2900 cecidere,
804 2827 920 2908 quibus.

225 2918 307 2979 Hauc
329 2934 447 2996 quoque
469 2916 622 2975 materiam
645 2915 783 2991 figmenta
806 2914 920 2989 poetica
944 2911 1054 2973 nebant
1280 2953 1281 3000 q

268 3001 351 3062 Sient
371 2999 513 3076 Virgilius
536 3015 618 3058 arma
640 2999 796 3077 virumque
820 3007 962 3058 canens“.

289 3085 495 3153 Narrationes,
525 3100 598 3161 quas
620 3079 760 3142 hibertus
787 3079 944 3142 intercalat
966 3081 1081 3151 hareti,
1111 3081 1166 3142 hae

204 3178 286 3230 sunt:
326 3172 563 3246 Argonautarum
596 3166 747 3244 migratio,
778 3167 895 3227 lasouis
923 3166 999 3226 lacta
1031 3164 1165 3232 heroica,

206 3252 341 3331 dialogus
364 3255 443 3312 inter
465 3251 602 3312 Paridem
625 3261 655 3311 et
677 3251 829 3320 Helenam,
853 3249 966 3310 reditus
986 3249 1165 3310 Graecorum
1280 3295 1281 3314 ,

210 3335 381 3414 (secundum
404 3335 528 3415 Dictpm)
553 3344 582 3396 et
610 3334 665 3397 alia
694 3352 769 3413 quae
799 3344 896 3396 tamen
920 3336 1004 3415 parvi
1025 3335 1166 3394 momenti

204 3430 283 3480 sum.
323 3419 413 3480 Libro
437 3423 550 3497 quinto,
574 3421 624 3481 uhi
640 3419 825 3482 Penthesilea
842 3419 963 3501 Troiam
986 3419 1073 3488 venit,
1097 3434 1165 3497 pro-
