2590 3984
203 207 266 274 124
509 209 573 263 ura.
591 209 639 262 1v.
667 225 693 290 l.v
711 211 855 262 oca-coe.

200 360 303 427 Pirula
326 360 440 425 directo
463 361 591 438 partitur
613 363 732 424 tramite
754 366 853 432 nares,

245 445 311 507 Non
334 451 437 517 tumet,
461 452 512 504 aut
534 443 632 526 aliqua
654 446 752 509 deviat
773 445 822 506 illa
845 445 899 515 via,

205 532 349 594 Nolumus
371 531 450 591 hauc
471 536 555 589 torvo
577 527 624 590 vel
646 530 761 591 adunco
783 527 915 591 scribere
938 548 1010 592 naso

245 617 338 696 Inque
361 631 430 674 cara
453 611 554 674 nullus
576 622 620 673 est
642 613 684 674 ibi
707 631 778 676 nare
801 612 889 693 pilus,

202 703 268 764 Non
291 705 337 761 est
358 697 403 758 vel
427 697 542 758 modica
565 699 699 760 maculae
722 697 918 778 reprehensio
940 698 1011 761 mali

246 785 308 847 Neo
331 782 424 844 laedit
444 800 533 842 nares
557 783 659 862 virque
680 791 825 862 paterque
848 783 963 860 gregis;

203 871 256 932 Est
278 877 310 929 et
331 869 512 928 aromaticus
535 884 594 927 non
616 869 744 928 rusticus
766 866 875 928 halitus
899 871 970 936 oris,

246 952 355 1014 Nescio
378 953 446 1031 quis
468 949 573 1010 melior
596 949 693 1011 thuris
717 958 746 1012 et
768 951 828 1011 oris
851 950 935 1012 odor.

204 1040 337 1100 Aurorae
360 1036 451 1096 lanies
474 1036 559 1113 quasi
582 1033 651 1105 filia,
675 1035 747 1097 dum
770 1033 864 1096 rubor
886 1035 929 1096 illi

246 1123 283 1183 llt
305 1119 426 1188 candor,
450 1126 556 1178 neuter
578 1126 621 1178 est
644 1127 674 1179 et
695 1128 822 1200 uterque
846 1119 938 1182 color.

204 1206 244 1268 Os
267 1205 341 1284 cycli
363 1203 447 1280 quasi
470 1202 585 1264 dimidii
607 1203 733 1265 ridendo
756 1203 889 1276 resultat,

246 1289 315 1349 Vult
336 1286 454 1348 laudem
477 1287 571 1366 spatio
594 1289 796 1366 promeruisse
820 1288 912 1349 brevi.

204 1373 337 1444 Quodam
360 1390 391 1433 se
414 1370 561 1451 praebent
583 1374 746 1452 pugnantia
768 1371 852 1434 labra
875 1379 1002 1444 tumore,

247 1457 304 1518 Sed
329 1456 444 1518 modico
467 1455 591 1517 rutilant
613 1475 673 1517 non
695 1466 793 1519 tamen
817 1456 928 1538 absque
950 1457 1048 1520 modo.

204 1543 323 1604 Statura
347 1541 459 1602 similes
482 1539 586 1600 dentes
609 1543 797 1620 compaginat
820 1540 902 1609 ordo,

246 1626 356 1705 Estque
379 1625 551 1684 nitescentis
575 1627 709 1686 aemulus
733 1624 806 1685 ordo
830 1627 914 1685 nivis.

206 1710 361 1790 Respicias
384 1714 526 1779 mentum,
551 1715 683 1769 mentum
707 1715 766 1770 tarn
790 1707 888 1770 nobile
910 1718 1041 1772 mentem

248 1797 401 1854 dmentem
425 1791 531 1862 reddit,
555 1795 582 1854 si
605 1795 671 1872 quis
694 1810 792 1852 amare
811 1792 888 1853 velit.

203 1879 241 1940 Et
263 1876 441 1938 oolliPario
465 1877 549 1954 quasi
571 1894 720 1937 marmore
743 1885 824 1937 secta
846 1876 984 1937 columna

247 1962 309 2022 Scit
331 1959 481 2039 speculam
505 1963 611 2040 capitis
634 1978 716 2021 more
739 1961 837 2022 levare
859 1963 952 2038 gruis.

205 2048 307 2108 Visum
331 2047 474 2118 cernenti,
499 2062 551 2104 cor
573 2047 724 2106 iuraretur
746 2047 866 2114 amanti,

248 2129 329 2202 Quae
351 2127 522 2208 crystallino
546 2136 666 2208 gutture
688 2129 782 2189 torma
805 2133 901 2190 micat.

204 2215 283 2275 Voce
305 2220 390 2273 vocat
411 2212 539 2281 laudem,
564 2213 630 2293 quia
653 2231 708 2274 ror
732 2216 863 2274 imitatur
886 2213 1000 2273 olorem
1117 2225 1169 2276 685

247 2299 299 2358 Est
320 2305 380 2358 tam
403 2313 475 2374 grus
498 2295 584 2365 collo,
610 2315 698 2376 quam
722 2296 880 2375 philomela
903 2315 987 2358 sono.

205 2383 241 2444 Et
263 2381 365 2462 quales
387 2381 520 2442 humeri!
543 2399 640 2460 neque
663 2380 811 2442 decedunt
833 2400 929 2462 neque
952 2390 1086 2462 surgunt,

249 2467 285 2528 Ut
307 2465 424 2544 jaceant
445 2463 490 2523 vel
514 2472 602 2533 stent,
626 2469 737 2544 gratius
760 2466 847 2527 ambo
869 2465 984 2529 sedent.

205 2550 300 2622 Quam
322 2551 446 2610 veniunt
467 2550 554 2610 simul
577 2548 614 2609 ab
637 2549 771 2611 humeris
794 2559 853 2612 tam
877 2557 1032 2612 stemmate
1053 2551 1142 2634 longo

248 2634 401 2704 Bracchia,
425 2651 511 2712 quam
535 2632 638 2710 gracili
661 2633 817 2696 deliciatur
839 2634 889 2700 ibt
1119 2647 1173 2696 ceo

204 2717 272 2779 Non
294 2736 418 2778 carnosa
441 2735 547 2778 manus
569 2717 621 2778 sed
646 2736 762 2790 carnea,
786 2719 893 2796 gaudet
917 2718 954 2779 ab
977 2721 1057 2780 intus

249 2801 371 2864 Ossibus
394 2812 422 2863 et
446 2803 554 2871 nervis,
580 2819 671 2862 carne
694 2805 807 2863 nitente
830 2804 917 2872 loris;

203 2936 407 2950 -—-—

272 3022 330 3071 664.
349 3025 437 3070 tumet
457 3035 471 3070 e
489 3021 614 3084 margine
633 3036 682 3086 pro
700 3021 788 3076 timet.
858 3022 917 3076 666.
935 3020 987 3073 Or.
1005 3020 1058 3072 Ars
1075 3023 1174 3086 1,th

205 3089 263 3142 668.
282 3103 297 3137 e
315 3088 439 3153 margine
457 3102 507 3152 pro
525 3088 642 3154 graecis.
662 3087 713 3142 Ov.
733 3088 786 3140 Ars
802 3089 825 3154 1,
844 3091 894 3141 522

272 3154 331 3205 Nec
348 3154 462 3204 laedent
480 3170 562 3205 nares
581 3157 677 3218 virque
695 3160 832 3220 paterque
850 3155 953 3222 gregia.

207 3223 265 3274 673.
296 3236 414 3286 emarg.
435 3221 507 3285 cycli
525 3237 574 3287 pro
593 3221 665 3284 sicli,
683 3222 798 3273 resultet
815 3238 864 3288 pro
882 3223 1008 3274 resultat.
1078 3225 1136 3280 680,
1156 3240 1173 3274 e
1280 3183 1281 3278 3

203 3304 290 3354 marg.
309 3303 400 3338 amare
418 3304 467 3354 pro
485 3303 584 3339 amore.
653 3290 711 3344 686.
728 3305 777 3355 pro
789 3289 926 3342 filomena.
996 3291 1172 3346 6868416-
1280 3289 1281 3296 ’

203 3372 256 3408 nus
274 3355 377 3405 Anticl.
395 3354 444 3410 lib.
463 3356 484 3406 I.
503 3373 528 3422 p.
549 3357 589 3414 ll,
607 3354 656 3412 lin,
673 3358 699 3410 4.
718 3360 742 3412 b.

272 3423 334 3472 Non
352 3421 424 3472 male
444 3422 517 3472 colla
535 3423 640 3487 sedent,
658 3423 780 3476 humeris
797 3441 851 3476 non
869 3424 971 3475 insidet
989 3425 1048 3476 alta

274 3488 381 3552 Cervix,
401 3493 430 3539 ot
449 3491 539 3554 spatio
560 3491 649 3555 surgit
667 3491 800 3544 distincta
817 3493 948 3543 modesto.
