2592 3978
454 203 515 252 Lib.
536 203 555 251 l.
591 217 618 252 v.
638 203 779 252 706—727.

334 383 396 438 HIC
414 381 521 438 Partis
540 380 699 436 DEDUCIT
715 379 900 436 HELENAM.

135 489 270 552 Solverat
293 488 416 550 Oebalio
441 488 564 548 classem
588 486 625 546 de
648 485 748 548 littore
770 487 889 557 victor..

179 573 346 634 Deveniunt
366 573 518 641 Tenedon,
540 571 611 631 inde
634 573 734 647 quiete
755 572 866 631 fovent.

134 658 178 718 Ex
201 659 288 718 siccis
310 658 406 717 oculis
429 658 517 716 traxit
538 655 641 716 Medea
664 654 830 720 madorem:

177 741 273 803 Nullis
295 741 348 800 llet
369 741 499 801 lacrimis
522 739 612 799 oblita
636 747 718 800 roste
741 740 824 799 uiris.

135 826 200 887 Non
223 826 308 886 aliter
332 824 485 886 manifesta
507 833 607 903 potest
629 823 813 884 abscondere
836 825 944 884 mentis
1052 835 1101 883 710

178 908 290 970 Gaudia
314 927 404 988 quam
426 908 556 968 lacrimis
577 909 686 969 femina
710 907 779 967 trita
802 908 882 968 satia.

134 993 247 1055 Blanda
270 1011 342 1054 voce
364 993 448 1053 Paris
470 990 642 1053 demulcens
666 1009 718 1051 cor
740 990 873 1052 mulieris

177 1079 249 1140 Cras
271 1080 384 1138 crimus
406 1076 508 1157 plures
530 1078 642 1154 inquit;
666 1085 695 1136 at
717 1075 765 1137 illa
789 1075 873 1136 bibit.

132 1161 265 1235 lnsinuat
288 1163 365 1239 patri
388 1162 458 1240 quid
481 1162 586 1222 lecerit
609 1172 638 1221 et
660 1160 739 1240 quod
763 1168 897 1240 coeptam

176 1245 321 1308 Glauscrit
344 1253 442 1324 optata
465 1247 661 1324 prosperitate
686 1246 771 1304 riam.

133 1331 240 1392 Statim
263 1330 397 1390 defertur
419 1329 561 1398 Menelao,
585 1328 664 1408 qnod
687 1329 765 1388 loret
786 1347 863 1389 uxor

175 1414 208 1475 ln
233 1413 390 1493 Phrygiam
412 1413 538 1492 Phrygia
561 1431 616 1492 per
638 1430 720 1472 mare
743 1422 824 1472 recta
848 1413 913 1472 rati.

133 1499 215 1570 Quae
237 1498 369 1577 qualisve
393 1499 456 1557 viro
479 1498 569 1557 luerit
591 1516 688 1565 mens,
714 1514 802 1558 nemo
824 1499 967 1576 requirat,

176 1581 327 1660 Frigidius
350 1580 446 1658 glacie
467 1591 572 1661 pectus
594 1581 718 1641 amantis
741 1589 814 1641 erat.

132 1666 166 1726 lu
191 1666 282 1728 tantis
304 1667 430 1727 dicenda
453 1667 540 1726 malis
563 1682 758 1742 quaecunque
780 1667 901 1726 luerunt

176 1750 242 1811 Non
265 1767 336 1811 reor
358 1749 499 1811 alflictum
523 1751 720 1829 perterruisse
743 1751 850 1810 sirum.

132 1834 183 1895 lllc
205 1833 311 1914 Pylum
332 1832 471 1913 linquens
493 1835 588 1895 tendit
610 1852 678 1894 cum
700 1835 826 1894 Nestore
849 1833 984 1913 Spartam

174 1918 281 1979 Nescio
303 1918 373 1997 quid
395 1915 515 1986 scribat,
539 1918 608 1996 quid
632 1919 816 1997 stupetactus
837 1926 914 1995 agat.

133 2003 222 2064 Mittit
244 2021 298 2081 pro
320 2003 422 2070 fratre.
447 2003 497 2080 qni
520 2003 691 2063 consiliator
714 2012 743 2062 et
765 2011 845 2064 esset

175 2086 212 2147 Et
234 2084 417 2155 consolatum
442 2086 489 2146 bic
511 2086 713 2164 Agamemnon
738 2094 810 2147 erat.
1050 2095 1099 2144 726

204 2248 267 2304 HIC
283 2249 392 2304 PARIS
412 2247 525 2303 vuum
542 2249 593 2303 AD
612 2249 756 2305 Teutana
774 2249 851 2304 CUM
869 2249 1026 2304 HELENA.

132 2355 220 2416 Nunc
241 2355 360 2416 Troiam
384 2356 497 2434 praedo
519 2358 631 2435 repetit
652 2373 719 2416 cum
743 2355 836 2415 divite
859 2355 983 2433 praeda;

175 2439 224 2499 Sic
247 2440 341 2500 etsie
363 2439 432 2508 leci,
456 2442 573 2500 nuntiat
594 2438 644 2499 ille
666 2440 753 2518 patri.

135 2558 336 2565 ——m—m—

199 2608 258 2657 706.
276 2607 382 2657 Statius
401 2605 501 2656 Achill.
520 2607 541 2668 1,
561 2609 594 2656 20

267 2673 395 2724 Solverat
412 2673 530 2726 Oebalio
548 2672 664 2724 classem
683 2673 716 2724 de
734 2673 828 2724 littore
847 2679 950 2740 pastor.

131 2743 188 2792 708.
208 2740 266 2794 eod.
285 2743 382 2806 tregit.
435 2742 561 2793 ros-11.
582 2740 681 2791 alludit
699 2741 842 2791 Lucanum
859 2741 1098 2805 Phars.1x,1oae

129 2809 197 2857 -41
267 2834 301 2844 -
318 2833 351 2843 -
369 2833 402 2844 -
420 2807 548 2858 lacrimas
565 2823 620 2858 non
639 2814 739 2873 sponte
757 2809 894 2859 cadentes

231 2874 350 2936 blindin
369 2876 544 2939 gemitusque
564 2877 702 2940 expressit
719 2879 829 2941 pectore
847 2875 933 2939 laeto,

232 2943 294 2992 Non
314 2941 396 2993 aliter
413 2943 563 2993 manifesta
581 2947 682 3008 potens
700 2942 873 2993 abscondere
891 2945 992 2994 mentis

231 3008 347 3069 Gaudia,
367 3025 448 3074 quam
466 3009 595 3060 lacrimis.

130 3078 186 3127 709.
206 3091 255 3140 pro
279 3077 339 3127 cod.
362 3077 436 3127 ollea
456 3078 599 3142 posuimus
621 3075 708 3128 oblita
726 3097 759 3118 =
777 3077 882 3128 induta.
906 3079 976 3130 Hor.
993 3079 1042 3144 Ep.
1061 3076 1097 3144 11,

129 3144 421 3208 statuissemque
439 3146 611 3210 peregrinae,
629 3145 730 3208 quibus
747 3144 850 3196 oblitus
868 3151 946 3196 actor

239 3209 307 3262 Cum
324 3213 406 3261 stetit
423 3213 453 3260 in
470 3227 562 3274 scens,
582 3213 721 3262 concurrit
738 3212 853 3263 dextera
872 3213 976 3266 laevae.

128 3279 186 3330 712.
204 3277 269 3332 uod.
289 3278 411 3334 blendia.
481 3280 539 3329 713.
558 3280 614 3330 bib.
632 3295 671 3330 sc.
689 3295 763 3333 aure.
800 3281 850 3332 Ov.
869 3281 935 3332 Her.
952 3281 1001 3344 IX,
1021 3283 1071 3333 154

240 3345 382 3411 'Grasque
401 3348 502 3398 erimus
519 3347 621 3410 plures,
638 3348 737 3412 inquit,
757 3352 787 3397 et
804 3349 863 3412 ipsa
880 3349 957 3399 bibit

127 3414 185 3464 715.
216 3413 286 3463 Cod.
318 3414 467 3472 clauserat,
543 3416 601 3467 717.
632 3415 698 3468 Ood.
722 3429 772 3478 per
800 3429 874 3465 mare
901 3421 985 3466 vecta
1011 3433 1096 3471 mare.

126 3482 184 3531 719.
204 3479 254 3531 Ov.
270 3477 336 3534 Her.
354 3481 377 3543 1,
396 3484 437 3535 22.
464 3543 469 3548 ἑ
508 3484 565 3535 722.
585 3480 651 3535 cod.
670 3481 826 3547 lingquens.

854 3564 891 3615 31
