2574 3976
522 162 584 216 Lib.
604 161 649 213 vI.
687 177 713 214 v.
733 161 824 210 1-14.

520 395 633 458 tinnit
656 395 813 457 sexsus,

338 542 539 614 [incisione
558 543 739 598 chrisum
757 543 861 597 sexui
878 543 999 614 nient]

183 685 289 763 Arguit
311 685 440 746 Aeneam
465 701 518 743 rex
541 688 716 762 Aeneaeque
739 683 854 744 sodales

184 771 291 830 Pacem
313 768 486 837 suadentes;
510 771 604 829 iratus
627 768 771 830 dictatio
794 769 859 829 aula
1070 826 1071 836 ,

185 852 320 926 Qualiter
342 852 573 933 Amphimachus
595 851 662 914 illos
686 855 867 914 transmittat
890 825 925 912 ad
950 852 1053 913 Oreos.

183 937 295 999 Missus
313 936 487 1016 Polydamas
509 955 563 1017 pro
587 938 744 1000 traditione
768 937 909 1016 Synonen
1273 977 1274 1010 2

185 1022 229 1083 Ad
252 1021 348 1082 socios
371 1023 453 1084 ducit
476 1041 492 1082 e
514 1024 635 1092 castris;
658 1021 709 1084 ille
731 1029 864 1100 reportat
1139 1029 1155 1077 5

185 1107 285 1186 Signa,
308 1107 418 1176 locum,
442 1112 559 1185 tempus
583 1109 714 1168 venturis
735 1107 827 1169 limen
849 1107 880 1168 ln
904 1107 994 1168 urbis,
1114 1185 1117 1190 Ι

184 1192 243 1251 Per
265 1191 343 1250 cives
366 1191 478 1250 intrant
499 1209 600 1270 regem
624 1190 827 1272 populumque
850 1191 1009 1260 trucidant,

185 1274 356 1352 Frangitur,
381 1275 527 1345 obruitur,
552 1275 589 1336 ad
611 1277 736 1338 fundum
759 1276 848 1356 Troja
872 1283 1033 1338 crematur.

184 1359 333 1420 Dictatore
356 1359 426 1421 libri
449 1362 553 1440 positis
576 1368 730 1441 aetateque
752 1360 861 1441 Trojae

185 1445 221 1505 Et
244 1462 370 1506 numero
394 1444 493 1506 caedis
515 1462 587 1524 gens
610 1447 723 1508 Graeca
746 1448 890 1526 repatriat
913 1446 1018 1507 omnis.
1124 1453 1157 1500 10
1271 1447 1272 1468 ³

505 1659 644 1730 [suasio
663 1637 831 1730 Aenum]

186 1797 242 1870 Qui
265 1797 346 1860 color
370 1799 452 1861 albus
476 1805 548 1870 erat,
572 1817 652 1860 nunc
676 1806 721 1860 est
743 1801 909 1861 contrarius
931 1799 1014 1868 albo;

228 1883 265 1944 Et
288 1883 361 1943 nihil
386 1891 439 1954 est
462 1884 499 1945 de
522 1901 580 1961 quo
603 1885 722 1945 nonsit
745 1883 881 1945 habenda
904 1883 989 1946 lides.

187 1969 241 2028 llis
263 1965 455 2028 Anchisiades
477 1967 739 2030 contrarietatibus
763 1976 862 2030 astans

160 2058 162 2063 '
229 2050 321 2112 Fidus
343 2053 440 2130 primo
463 2051 552 2113 modo
575 2041 709 2130 pertidus
727 2054 787 2114 exit
808 2055 839 2112 io
862 2054 950 2115 haec:

125 2192 127 2196 .
185 2136 228 2197 De
251 2133 330 2196 hello
353 2136 390 2196 de
413 2155 486 2216 pace
507 2155 577 2197 reor
600 2137 670 2198 satis
693 2155 757 2199 csse
780 2137 922 2208 locutum,
941 2153 943 2156 ·
1141 2147 1158 2197 5

225 2220 309 2281 lnter
332 2239 364 2282 se
388 2229 521 2301 pugnant
541 2221 650 2301 jugiter
673 2223 726 2284 ista
748 2221 816 2284 duo.

185 2305 266 2366 Haec
288 2307 376 2367 simul
399 2326 457 2368 una
481 2309 586 2386 nequit
609 2324 692 2368 mens
715 2306 853 2386 amplecti
875 2307 928 2368 sed
952 2313 1078 2386 opertet,

227 2389 282 2450 Hic
305 2389 350 2452 vel
372 2391 415 2452 lbi
438 2395 534 2469 quivis
557 2400 590 2452 ut
612 2410 665 2453 sua
690 2400 753 2452 rota
777 2393 864 2453 locet.

184 2473 281 2536 Nemo
305 2483 404 2552 potest
426 2477 556 2539 animum
580 2479 669 2538 tantis
692 2475 846 2545 inflectere
869 2475 970 2545 rebus

229 2558 268 2618 Ut
290 2576 340 2620 res
362 2563 513 2639 oppositas
535 2579 620 2622 mens
644 2562 719 2622 ierat
743 2579 801 2622 una
825 2561 906 2622 duas.
1124 2569 1159 2618 10

187 2641 242 2702 llic
265 2641 385 2711 bellum,
410 2662 514 2724 pacem
538 2645 687 2706 desiderat
710 2649 776 2715 iste,
801 2648 931 2725 quietem

230 2725 330 2804 Diligit
352 2728 411 2795 hic,
435 2729 540 2789 fluvios
561 2731 714 2806 sanguinis
737 2732 794 2790 iste
816 2731 886 2789 sitit.

186 2809 243 2880 Qui
265 2809 376 2872 bellum
400 2814 504 2874 sitiunt
527 2811 659 2874 illustres
682 2829 748 2875 csse
770 2813 916 2883 videntur,

227 2894 282 2955 His
304 2899 381 2956 vires
404 2906 507 2977 optant
528 2900 723 2978 aequiparare
745 2917 823 2959 suas.

189 3067 392 3076 -Η

256 3168 279 3218 1.
298 3167 388 3218 Schol.
406 3169 546 3234 marginis.
566 3168 644 3232 quasi
663 3167 744 3220 dicit:
764 3182 843 3216 omne
862 3166 933 3231 quod
954 3167 983 3216 in
1003 3157 1102 3215 mundo
1114 3170 1159 3214 est

188 3235 320 3286 mutabile
340 3241 390 3285 est.
411 3260 442 3270 —
461 3235 541 3288 Ouid.
561 3237 627 3286 Met.
647 3235 684 3296 ΙΙ,
704 3236 752 3285 541

300 3301 352 3350 Oui
371 3301 446 3352 color
464 3303 545 3353 albus
564 3307 623 3353 erat
641 3317 714 3352 nunc
733 3307 775 3352 est
794 3302 950 3353 contrarius
969 3300 1042 3355 albe.

187 3389 211 3437 2.
231 3385 281 3440 Ov.
301 3384 387 3435 Trist.
405 3387 427 3446 Ι,
446 3388 470 3448 Ι,
489 3388 513 3436 8.
585 3388 610 3436 9.
630 3387 669 3439 10.
687 3383 820 3450 (Maxim.)
839 3385 861 3447 Ι,
880 3387 922 3436 45.
940 3386 974 3436 te
993 3385 1040 3450 qui
1057 3383 1158 3435 hebet:

402 3452 487 3501 Hand
505 3452 589 3502 facile
609 3459 652 3502 est
671 3453 754 3502 anim.
773 3458 793 3501 t.
812 3451 830 3500 i.
850 3467 870 3504 r.
889 3456 941 3503 etc.
