2590 3984
450 197 512 249 Lib.
530 197 578 250 lv.
607 213 632 248 v.
649 198 793 249 tas-491.
1043 195 1102 258 117

257 345 419 418 [neuneu
436 344 602 401 acernus
619 343 839 402 enaeennau
855 342 983 415 ranas]
1035 301 1037 306 ’

142 453 272 532 Tempus
296 460 370 520 erat,
395 470 453 532 quo
476 461 581 511 cuncta
604 450 703 523 silent,
726 470 794 513 cum
816 449 943 511 lortlbus
964 451 1055 511 armis

184 537 292 598 Fortes
315 538 346 596 in
369 535 429 596 lani
452 534 578 596 collocat
600 536 673 597 aede
696 537 789 597 Paris.

141 622 284 682 Protinus
305 629 338 681 ut
360 620 454 690 vobis,
479 622 529 690 ait,
553 627 741 682 ostentavero
764 623 895 698 signum,
1056 626 1107 676 465

185 705 330 766 Aeacidae
354 713 449 766 vester
471 706 501 764 in
525 713 613 784 caput
636 707 714 766 ensis
737 714 793 775 eat,

142 789 261 869 Spicula
283 790 374 850 densa
395 788 494 866 gulam
517 799 705 867 percurrant,
728 789 834 850 lancea
858 797 1000 858 ventrem,

118 949 123 956 .
186 874 323 953 Deprope
345 881 427 934 stans
449 873 552 934 ambas
574 872 708 936 abscidat
730 892 802 934 ense
824 873 926 952 pedes.

142 959 206 1021 Nec
229 962 313 1036 prius
335 958 429 1020 insani
453 957 604 1038 deponant
627 976 708 1019 arma
730 959 835 1020 lacerti

184 1041 278 1114 Quam
301 1041 382 1103 ierus
403 1043 546 1108 Aeacides
568 1043 667 1102 vivere
689 1053 781 1122 ponat
801 1043 854 1103 ibi.
939 1111 944 1121 ⁸

447 1188 592 1259 [neonus
609 1190 800 1260 domums]

144 1295 244 1358 Altera
265 1296 317 1356 lux
338 1293 428 1364 lueet,
452 1293 536 1356 coelo
558 1293 602 1356 sol
625 1315 733 1357 aurens
756 1299 826 1367 exit,

185 1378 300 1442 Fanum
322 1379 441 1440 Pelides
463 1378 696 1458 Antilochusque
719 1388 834 1461 petunt.

144 1463 288 1528 Credulns
311 1465 347 1526 ad
372 1471 473 1524 rocem
495 1464 630 1525 mulieris
652 1467 798 1545 provenit,
821 1467 928 1544 impos,

185 1549 325 1612 Concilus
347 1557 415 1610 ante
438 1547 528 1617 loros,
551 1549 636 1609 irrita
658 1560 725 1611 rota
747 1567 866 1627 gerens.

143 1633 201 1694 Pro
223 1633 339 1713 superi!
362 1640 504 1712 quantum
528 1634 661 1694 mortalia
684 1643 805 1714 pectora
828 1651 935 1696 caecae

185 1718 287 1779 Noctis
308 1716 433 1785 habent;
457 1721 582 1793 intrant,
604 1717 684 1779 nulla
708 1720 809 1780 nociva
832 1721 949 1779 timent.

143 1802 272 1863 Insidiae
294 1810 435 1879 surgunt;
458 1804 548 1881 capiti
569 1821 602 1862 se
624 1821 728 1864 mucro
752 1804 871 1864 maritat

186 1886 317 1965 Telaque
340 1903 395 1965 pro
417 1884 484 1946 telis
506 1886 554 1946 bie
577 1886 701 1948 volitare
723 1889 820 1956 vides;

143 1971 259 2033 Lancea
281 1988 466 2050 percorpus
489 1969 635 2050 sponsalia
658 1991 744 2034 saeva
767 1975 913 2051 propinat,

187 2055 335 2118 Cerberus
357 2055 407 2115 hic
428 2056 503 2116 festa
527 2072 586 2116 non
609 2055 797 2135 Hymenaeus
820 2066 907 2118 amat.

145 2141 294 2219 Sperarat,
317 2137 421 2200 melius
443 2139 521 2218 quod
545 2139 668 2217 pulchra
690 2141 838 2220 Polyxena
859 2140 955 2202 taedis

185 2222 270 2284 lllum
293 2224 431 2284 debuerit
452 2223 632 2285 exhilarasse
654 2227 724 2286 suis.

146 2307 196 2368 Vir
218 2326 273 2387 pro
296 2309 439 2386 virgineis
462 2307 525 2368 iera
547 2309 637 2370 sentit
659 2308 733 2371 bella
756 2310 884 2380 lacertis,

187 2392 246 2452 Pro
268 2391 352 2454 molli
370 2411 442 2453 vero
463 2391 585 2454 vulnera
609 2395 682 2456 dura
706 2406 782 2457 toro.

144 2474 220 2546 Quid
243 2478 332 2538 faciet
352 2478 428 2537 tiro?
452 2486 534 2538 caret.
556 2479 656 2540 inclita
679 2480 800 2542 dextera
822 2489 920 2550 conto.

187 2559 251 2620 Non
273 2561 330 2621 luit
352 2571 454 2622 aurata
477 2562 591 2624 casside
612 2579 714 2640 pressa
738 2584 836 2636 comen

143 2643 210 2704 Non
231 2655 336 2722 pectus
357 2643 449 2706 lorica
473 2649 555 2724 tegit,
578 2665 637 2708 uon
661 2668 747 2711 crura
770 2657 891 2712 tuentur

98 2733 107 2748 ”
186 2727 290 2796 Ocrea,
314 2747 374 2790 non
396 2732 470 2791 terri
491 2730 600 2792 lamina
624 2733 713 2795 densa
736 2735 830 2807 latus;

144 2810 206 2871 Nec
228 2810 342 2890 clipeus
364 2813 440 2874 rasti
461 2815 591 2877 caelatus
613 2819 742 2896 imagine
764 2821 869 2880 mundi
954 2839 960 2852 ·

185 2900 209 2955 Α
231 2895 308 2956 collo
329 2897 447 2976 pendet,
472 2900 570 2962 nudus
593 2910 719 2983 uterque
741 2911 831 2983 patet.
1057 2913 1107 2962 490

142 2979 201 3039 Pro
223 2997 327 3058 parma
349 2981 475 3062 replicat
497 2981 691 3065 chlamydem,
715 3005 819 3050 manus
841 2989 947 3069 arripit
969 3006 1082 3065 ensem,

210 3215 270 3264 463.
288 3215 409 3268 imitatio
427 3219 539 3285 Virgilii
557 3221 625 3272 Aen.
642 3223 679 3287 11,
698 3225 756 3275 test

244 3281 362 3416 lllllgill
381 3290 452 3350 eret,
471 3303 523 3352 quo
541 3289 629 3354 prima
647 3293 725 3356 quiea
743 3291 907 3344 mortalibus
925 3293 1017 3358 aegris

141 3413 493 3536 1tnagiutgnvidiiesttdetsm.
512 3419 560 3487 VI‘,
578 3424 636 3474 472.
657 3427 698 3478 73.
766 3427 824 3477 481.
842 3427 940 3479 melius
957 3443 1006 3493 pro
1020 3427 1107 3478 codic.
