2574 3976
430 179 494 232 nat.
515 179 561 242 vr.
597 193 623 234 v.
642 180 783 228 rer-aar.

126 333 219 402 Adde,
242 330 321 412 quod
344 333 421 393 irato
440 330 578 398 ,dissolvit
598 336 720 410 pectore
743 348 881 398 caecum:

171 417 243 490 Quis
265 413 323 477 seit
345 434 382 476 an
405 415 479 475 baeo
501 426 637 476 nostrum
660 416 770 474 nutriat
791 415 834 475 ira
857 413 987 475 malum?

127 503 198 564 Plus
220 501 302 562 aloes
324 517 412 580 quarn
435 498 532 560 mellis
554 499 662 560 babent
685 516 741 578 pro
762 515 836 578 pace
857 500 960 578 petita,
990 505 991 510 ’

172 588 252 666 Ergo
275 603 330 646 nos
352 584 471 644 Priamo
493 584 564 645 bino
587 584 671 660 quasi
693 601 788 662 poena
812 586 922 645 sumus.
1044 591 1095 640 200

128 673 203 735 Cum
225 668 343 731 turbam
367 667 457 729 turbo
480 667 619 739 turbavit,
644 667 780 746 turgidus
802 669 865 747 ipse

171 756 235 816 lloo
257 772 311 815 nos
334 752 455 814 turbare
480 751 596 813 turbiue
619 769 732 829 pronus
754 759 827 813 erat.

129 841 259 903 Dixerat.
304 836 494 917 applaudunt
517 846 546 897 et
567 839 666 898 statim
690 835 930 916 Polydamantem

172 922 223 984 llla
247 922 355 984 cohors
378 921 525 983 Graecum
548 921 668 981 mandat
690 921 773 982 adire
796 921 912 982 ducem.

128 1008 303 1089 Polydamas
325 1007 423 1085 itaqua
446 1005 586 1084 gradiens
609 1007 840 1083 Agamemnonis
861 1006 916 1067 ista
1044 1011 1094 1060 205

170 1091 300 1154 Auribus
322 1092 470 1158 insinuat.
485 1107 598 1167 rexque
621 1108 745 1152 serenus
768 1097 842 1151 ovat.

405 1269 549 1340 [sonoro
569 1223 816 1340 barasonem]
858 1243 861 1250 ’

135 1379 196 1439 lam
218 1375 372 1438 Phoebum
396 1384 477 1436 tenet
501 1374 579 1435 unda
602 1377 706 1444 maris,
730 1375 805 1437 clam
828 1383 971 1435 convocat
992 1390 1097 1434 omnes
1141 1449 1143 1452 Ι

174 1462 237 1522 Rex
260 1461 375 1522 Danaos
397 1462 542 1537 regitano,
567 1460 634 1538 quis
656 1459 726 1538 quid
750 1458 786 1518 ad
808 1461 863 1520 ista
878 1465 980 1519 sonet.
1010 1469 1013 1472 “

133 1547 269 1624 Concipit
290 1546 426 1622 ingentes
448 1545 561 1605 animos
584 1543 641 1604 boo
663 1545 762 1614 omine
785 1543 917 1604 Graecus

174 1629 360 1691 Persuadeus
381 1632 445 1706 regi
468 1646 592 1689 munera
615 1627 691 1688 laeta
714 1629 790 1706 oapi.
1048 1634 1099 1682 210

135 1714 274 1775 Proditor
296 1723 348 1775 aut
369 1732 457 1783 unus,
481 1720 531 1774 aut
553 1712 671 1791 piures?
694 1711 841 1773 Omnibus
863 1729 989 1780 omues

174 1797 233 1859 lies
255 1797 352 1860 salvae
375 1805 527 1867 maneant;
552 1797 583 1856 bi
605 1797 680 1875 pede
702 1799 783 1876 pacis
806 1804 882 1857 eant.

132 1884 189 1952 Tu,
212 1900 419 1963 quameunque
442 1884 516 1943 deus
538 1881 590 1942 tibi
612 1882 809 1943 fortunaverit
830 1880 945 1947 boram,

177 1967 266 2028 Grata
289 1985 374 2027 sume
397 1985 495 2034 manu,
520 1982 617 2046 neque
640 1983 759 2026 morere
782 1966 843 2025 diu.
967 2013 970 2020 .

136 2049 193 2120 Qui
219 2049 335 2112 tulitin
360 2061 464 2121 castra,
489 2051 556 2110 rex!
580 2049 804 2130 hujussemina
827 2049 922 2126 grani,
1052 2053 1102 2102 215

177 2135 221 2196 Ne
243 2134 361 2196 dubites
383 2133 425 2195 illi
450 2133 539 2196 rerba
562 2134 691 2195 secunda
715 2135 805 2212 loqul.

138 2219 191 2298 Est
214 2237 246 2279 ea
270 2237 319 2279 res
341 2220 465 2280 nimium
489 2219 657 2287 temeraria,
682 2217 753 2278 dicit
774 2217 884 2285 Ulixes,

178 2304 217 2364 Et
239 2305 389 2364 consentit
409 2305 441 2363 in
463 2302 521 2364 boc
545 2301 675 2362 themate
698 2301 807 2362 Nestor
829 2300 868 2360 ei.

140 2389 165 2449 Ο
189 2388 297 2447 totiens
319 2385 449 2447 bominis
470 2394 603 2446 mutatur
624 2403 751 2465 spesque
773 2382 924 2462 laborque,

181 2470 292 2532 Cursor
314 2471 350 2530 ad
374 2476 489 2550 optatas
512 2487 571 2529 non
595 2473 676 2530 venit
697 2485 794 2545 usque
816 2474 920 2529 metas
1053 2474 1105 2524 220

96 2556 100 2560 ’
140 2554 212 2626 Quis
235 2557 290 2614 soit
312 2573 349 2615 an
371 2554 429 2615 boo
452 2553 538 2614 oculo
560 2562 677 2633 spectat
699 2553 815 2614 lortuna
837 2550 963 2612 sereno?

139 2708 340 2720 ...—...-—-—

206 2794 263 2843 199.
282 2789 368 2842 schol.
388 2791 542 2840 amaritlam
560 2788 689 2854 designat
700 2789 780 2854 pacis
793 2802 873 2852 quam
887 2801 936 2838 uos
949 2785 1103 2852 petivimus

138 2861 198 2910 200.
215 2857 299 2910 sehol.
319 2858 384 2923 quia
401 2871 452 2908 nos
471 2859 652 2922 persequitur.
730 2859 789 2907 213.
809 2857 849 2905 14.
868 2856 935 2904 Hor.
952 2855 1002 2918 Ep.
1021 2853 1043 2916 1,
1063 2855 1102 2914 11,

138 2929 179 2977 22.
197 2927 238 2979 23
306 2926 358 2984 Τιι,
377 2939 564 2989 quameunque
583 2929 636 2974 ete.

342 2991 428 3042 Grata
446 3005 522 3041 eume
540 3005 636 3050 ιιιιιιιιις
655 3005 707 3040 neo
725 2989 818 3040 duleia
834 2987 941 3040 differ
932 3003 962 3038 ιιι
979 3001 1088 3042 aunum.

140 3062 199 3116 219,
216 3057 351 3125 Pampbll.
371 3057 486 3121 XXVII,
506 3060 531 3110 1.

223 3126 387 3177 Multotienr
404 3125 541 3177 hominum
560 3126 710 3176 frustratur
727 3139 846 3190 spesque
864 3123 1004 3212 laborque.

141 3197 201 3247 220.
220 3210 269 3261 pro
289 3194 347 3244 ood.
364 3208 456 3244 moras
474 3195 540 3246 Hor.
558 3193 589 3243 A.
608 3196 639 3244 Ρ.
657 3195 707 3243 412

141 3330 164 3382 ⁰
210 3329 258 3381 T·
251 3261 576 3393 'pupvstusdepboptatam
594 3276 675 3312 eursu
692 3259 850 3325 contingere
869 3263 971 3310 metam

166 3347 192 3386 v.
235 3343 274 3380 no

242 3399 305 3449 Non
322 3396 418 3462 prooul
436 3412 453 3446 a
469 3396 563 3461 matis,
581 3411 649 3464 quar
668 3411 739 3462 pene
758 3400 854 3446 tenere
872 3391 996 3456 videbar,

277 3463 420 3515 Curriculo
439 3465 530 3530 gravis
550 3470 593 3514 est
611 3463 687 3514 fecta
705 3464 785 3514 ruine
803 3478 870 3517 meo
