2574 3976
183 153 247 218 152
505 156 566 210 Lan.
584 157 617 207 v.
646 172 672 211 v.
691 125 835 206 cis-elo.
926 164 928 166 ·

186 308 264 368 Dant
286 308 425 384 gemitus,
449 305 620 384 fractaeque
642 305 744 368 labant
765 305 930 368 ululatibus
950 308 1023 377 irae,

229 392 377 470 Opprimit
398 395 431 452 in
453 392 574 452 madido
596 400 716 468 gutture
739 389 830 452 verba
853 391 952 460 dolor;

186 477 253 537 Non
278 487 410 553 sperant,
435 477 513 556 quod
538 479 632 555 possit
654 478 698 537 eis
719 476 893 555 impendere
913 478 1004 537 vitam

227 559 299 622 Alea
322 559 381 638 jam
407 579 547 621 mannum
571 560 622 621 sed
646 563 741 638 magis
764 560 810 621 ala
832 559 952 640 pedum.

186 645 372 725 Praecipites
394 646 510 723 lugiunt
533 652 561 704 et
583 648 679 706 siccos
701 644 823 723 pulvere
846 644 935 721 longo

228 731 355 808 Campos
377 728 523 798 attollunt,
547 747 606 790 non
629 737 729 790 tamen
752 729 906 806 effugiunt.

187 813 325 894 Denique
346 812 479 894 Pyrrhus
501 816 544 874 eis
568 832 635 874 cum
659 814 782 874 Graecis
804 815 924 874 fortiter
946 815 1035 874 instat

186 919 189 924 ⁴
231 898 268 958 m
289 899 411 975 lugitiva
433 899 498 959 lero
522 898 610 960 dorsa
633 916 776 959 mucrone
799 907 891 958 secat.

185 982 326 1062 Turpiter
351 1000 384 1042 ex
408 1001 514 1061 campo
536 983 662 1043 Teucris
683 984 713 1041 in
736 991 815 1044 tecta
838 982 949 1062 iugatis

228 1067 326 1144 (lingit
347 1069 489 1127 continuo
512 1067 656 1142 Pergama
680 1068 810 1129 Graecus
833 1067 938 1137 bomo;

186 1151 253 1212 Non
276 1150 387 1212 audent
408 1150 530 1229 prodire
552 1153 614 1212 suis
635 1151 822 1227 aliquomodo
844 1153 938 1229 portis

228 1235 285 1296 Sed
309 1234 419 1312 frigere
442 1235 524 1298 vides
547 1254 600 1315 spe
623 1235 756 1298 fluitante
779 1235 920 1315 Phryges.

368 1381 541 1452 [paunus
561 1347 970 1453 emmeramensem]

188 1489 255 1550 lam
278 1490 371 1548 virtus
393 1487 523 1564 Trojana
546 1489 635 1559 cadit,
657 1487 716 1565 jam
739 1489 803 1566 figit
824 1487 861 1550 ab
884 1488 965 1549 intus

232 1573 290 1633 Cor
312 1572 424 1633 Priami
446 1575 527 1650 regis
549 1573 707 1642 anxietatis
730 1591 811 1634 acus.

186 1656 345 1719 Obsessam
369 1658 474 1718 metuit
495 1658 573 1718 tradi
596 1656 680 1735 plebs
702 1656 840 1718 hostibus
861 1656 967 1718 urbem

229 1744 285 1803 hut
308 1741 397 1819 rigidi
418 1741 492 1801 lerri
516 1742 614 1802 forsan
637 1743 668 1802 in
692 1759 744 1803 ore
767 1745 843 1820 capi.

189 1825 336 1887 Funditus
360 1827 452 1886 everti
474 1827 551 1886 valet
572 1825 661 1895 urbs;
685 1825 742 1887 hoc
764 1834 887 1906 pectore
910 1833 1037 1896 versant,
1104 1837 1159 1886 635

227 1910 265 1970 Et
286 1918 427 1988 poterunt
449 1911 555 1971 Graeci
575 1909 705 1972 subdere
729 1919 835 1972 cuncta
857 1913 936 1972 neci.

188 1993 225 2056 Se
248 1994 359 2054 Priami
380 1994 464 2054 dedit
485 2003 554 2055 ante
576 1996 656 2055 iores
679 1997 824 2071 Antenor,
847 1998 935 2074 eique

228 2079 281 2139 Est
302 2077 495 2144 Anchisiades
517 2078 751 2159 Polydamasque
774 2097 884 2140 comes.

188 2162 253 2224 ilex
275 2162 360 2223 sedet
383 2171 412 2224 et
433 2163 528 2224 tristis
551 2162 621 2223 belli
643 2163 679 2224 de
702 2164 835 2243 pondere
857 2170 970 2242 pensat,
1078 2192 1088 2222 ι.

228 2247 337 2308 Pensat
358 2265 446 2326 quem
470 2249 558 2308 linem
583 2247 687 2308 bellica
711 2248 815 2328 spatha
837 2254 927 2326 petat.

186 2330 339 2408 ingressos
362 2332 498 2394 Priamus
519 2329 665 2410 majorum
689 2351 772 2392 more
794 2331 910 2402 salutat,

230 2412 359 2494 Semper
381 2416 470 2476 bomo
491 2417 590 2496 potior
612 2417 701 2478 debet
723 2435 810 2477 avere
833 2418 926 2493 prior.

184 2500 245 2569 Est,
269 2501 360 2571 aiunt,
384 2503 506 2562 minime
529 2500 592 2571 tibi,
615 2502 682 2562 rer!
706 2503 834 2562 recitare
856 2517 987 2569 necesse,

227 2581 321 2644 Annis
343 2583 390 2644 bis
412 2587 510 2664 quinis
533 2587 609 2663 quae
632 2584 708 2646 mala
731 2583 818 2662 Troja
841 2583 915 2648 tulit.

186 2667 332 2728 Viderunt
353 2670 455 2738 Troes,
478 2669 591 2738 vidisti,
614 2669 741 2730 vidimus
764 2687 876 2737 omnes,

231 2749 309 2820 Quot
329 2755 411 2830 passi
434 2755 527 2813 simus
550 2751 682 2818 vulnera,
706 2754 822 2822 damna,
845 2771 944 2814 neces.

189 2836 314 2898 Obsidet
336 2845 366 2896 ct
387 2836 499 2898 claudit
519 2847 637 2898 nostras
659 2856 765 2898 manus
787 2838 900 2898 hostica
922 2847 1034 2916 portas,

227 2920 387 2991 Libertate,
412 2940 468 2983 nec
490 2931 545 2991 est,
569 2923 619 3002 qui
641 2922 814 2983 moderetur
837 2939 896 2982 eas

183 3005 257 3066 Tam
280 3023 317 3066 ne
341 3009 409 3085 quis
432 3014 477 3067 est
499 3006 603 3075 audax,
628 3016 660 3068 ut
682 3006 784 3067 limine
807 3013 894 3084 cogat
916 3004 998 3065 abire

252 3175 310 3224 619.
330 3173 415 3224 Statii
433 3173 519 3225 Theb.
538 3173 585 3235 1v,
605 3176 647 3235 23,
666 3174 714 3224 ubi
732 3188 781 3237 pro
799 3173 965 3236 ululatibus,
985 3171 1157 3238 singultibus

186 3241 297 3306 legitur.
366 3243 425 3294 624.
452 3240 551 3304 virgil.
569 3241 637 3290 Aen.
656 3241 705 3303 XI,
725 3242 774 3292 672

288 3309 461 3371 Praecipites
480 3309 639 3372 pariterque
658 3311 750 3363 ruunt.

254 3377 312 3429 630.
349 3374 435 3426 schol.
467 3376 501 3427 ab
531 3375 628 3425 ardore
658 3375 808 3440 pugnandi.
912 3376 969 3428 640.
1001 3389 1042 3439 sp.
1068 3375 1155 3424 ensis.

183 3444 242 3493 642.
262 3440 348 3492 schol.
369 3458 420 3493 ave
439 3441 541 3492 dicere.
612 3443 671 3492 644.
691 3441 756 3496 con.
776 3441 819 3493 bis
837 3443 919 3496 binis.
