2592 3978
199 191 241 256 42
288 171 305 182 “
520 193 581 246 xrs.
601 192 637 241 11.
672 207 698 242 v.
718 193 844 242 ee-raa.

243 347 279 407 Et
301 345 359 423 pia,
382 344 407 404 si
429 343 515 421 longa
539 342 601 404 vult
624 344 753 404 tacuisse
776 361 869 402 mora.

200 431 304 493 Audax
325 431 356 488 in
378 428 465 489 bellis
487 430 653 489 acerrimus
676 436 721 487 est
744 427 910 498 Diomedes,

244 514 390 573 Strenuus
413 521 443 574 et
464 513 550 575 lortis
571 509 668 572 vultus
690 510 834 571 borrestus
855 514 896 572 ei.

200 601 344 661 Austerus
366 595 513 657 clamosus
535 602 600 656 erat
622 594 779 674 calidoque
801 595 937 665 cerebro,
1131 605 1166 653 aa

246 681 379 760 Corpore
402 681 564 758 quadratus
586 681 802 758 impatiensque
823 681 905 740 satis.

200 764 417 845 Triptolemum
440 765 556 835 noscis3
580 779 705 840 maguus
727 764 783 824 luit
804 771 893 844 atque
917 763 1006 824 virilis

245 851 363 929 Optima
387 849 481 908 lorma
503 847 561 908 sibi
583 848 637 908 sed
658 846 844 909 stomachosa
867 849 1002 928 quidem;

200 935 335 1006 Blaesus,
357 934 489 994 aduncus
512 939 576 993 erat
596 931 680 992 velox
703 933 858 1009 oculisque
880 932 1025 1003 rotundis,

243 1017 296 1078 Cui
320 1018 409 1078 iacies
431 1016 546 1095 hilaris,
569 1017 651 1093 larga
674 1015 852 1096 superciliis.
1114 1025 1166 1074 too

200 1101 349 1165 Candidus
372 1111 401 1162 et
424 1117 557 1178 magnus.
581 1118 654 1161 naso
676 1119 794 1180 quoque
816 1100 923 1164 Nestor
945 1100 1079 1163 obuncus

244 1186 370 1265 Dapsilis
393 1195 422 1246 et
444 1187 572 1266 sapiens,
596 1183 782 1245 consiliando
804 1203 902 1263 sagax.

200 1269 325 1332 Mittitur
346 1269 447 1331 iliacas
469 1269 563 1331 audax
586 1277 687 1330 orator
709 1269 745 1329 ad
768 1287 864 1339 arces,

244 1354 368 1417 Nestora
392 1352 513 1414 laudare
536 1371 604 1414 cum
628 1343 772 1415 Cicerone
795 1363 889 1431 potes.

200 1439 349 1501 Candidus
372 1447 401 1500 ct
424 1439 600 1500 temerarius
622 1456 663 1507 es.
686 1437 742 1498 tibi
763 1437 861 1499 vultus
883 1437 1036 1508 honestus,
1115 1446 1163 1496 105

243 1523 351 1585 Fidens
374 1526 404 1583 in
427 1523 541 1584 celeres
562 1520 743 1583 Protesialae
765 1523 870 1602 pedes!

200 1609 420 1684 Magnanimum
442 1607 583 1684 gracilem
604 1593 768 1684 sapierilb'm
791 1606 838 1666 dic
859 1606 1058 1676 Palamedem,

243 1691 382 1761 Blandus,
404 1691 560 1759 facundus,
584 1688 757 1750 ambitiosus
779 1698 854 1751 erat.

199 1779 237 1838 dt
259 1794 377 1838 crassus
398 1773 562 1854 Polydorus
585 1782 650 1835 erat
670 1771 861 1836 Neoclecicus
884 1774 979 1836 audax

243 1861 357 1929 Tristis
381 1858 560 1938 pervalidus,
583 1865 683 1918 mente
705 1861 830 1919 timente
852 1867 963 1920 tacens.
1019 1862 1022 1866 ’

200 1945 337 2019 Magnum
360 1944 538 2024 prudentem
562 1942 724 2021 dicuntque
745 1942 906 2004 Machaona
928 1944 1048 2011 fortem,
1127 1999 1131 2012 ,

242 2029 296 2089 llic
319 2026 408 2088 simul
431 2037 460 2086 et
481 2028 597 2105 patiens
619 2027 862 2108 compatiensque
885 2028 948 2087 luit.

199 2114 364 2173 Merionem
387 2112 486 2178 rulum
509 2127 603 2189 ponas
625 2111 677 2171 sed
700 2121 729 2171 et
750 2113 955 2190 impatientem

244 2196 288 2266 Et,
311 2197 380 2272 quia
403 2196 441 2255 sit
463 2194 588 2273 medius,
612 2212 748 2274 corpore,
772 2204 872 2256 mente
894 2205 993 2256 tenax.

199 2281 305 2342 Dicere
328 2298 396 2341 cum
419 2279 496 2340 volui
518 2297 605 2358 quarn
627 2282 764 2359 pertinax
787 2289 875 2354 esset,
897 2281 970 2340 oriri

242 2366 288 2426 Me
312 2376 414 2425 contra
438 2367 537 2442 coepit
559 2365 695 2442 protinus
717 2366 762 2424 ira
785 2365 880 2425 metri.

202 2450 248 2510 Me
271 2451 346 2508 duce
368 2451 421 2528 qui
443 2450 541 2517 toties,
564 2449 670 2527 inquit,
694 2466 760 2508 mea
783 2449 867 2525 signa
890 2446 992 2516 tulisti,

242 2532 315 2603 Quis
338 2533 426 2592 modo
449 2534 598 2610 persuasit
618 2532 667 2592 illa
690 2549 801 2610 negare
823 2530 890 2592 tibi.

199 2615 305 2678 Exitus
326 2624 389 2677 acta
412 2614 534 2696 probat;
556 2616 631 2684 linis,
655 2633 714 2675 non
737 2633 837 2692 pugna
858 2625 990 2685 coronat,

242 2699 410 2762 Laudamus
433 2700 550 2760 tandem
574 2699 637 2759 sole
659 2698 784 2759 cadente
806 2699 895 2760 diem.

199 2784 306 2846 Nostra
329 2783 524 2863 probabiliter
547 2782 606 2844 buc
629 2799 723 2860 usquc
746 2792 866 2844 secutus
888 2803 921 2845 es
943 2801 1034 2854 arma,

242 2869 328 2931 Nunc
349 2871 433 2946 quasi
457 2868 599 2929 deficiens
620 2868 670 2928 ilia
693 2867 778 2930 ducis
800 2871 893 2930 iners.

267 3140 308 3192 at.
331 3153 380 3203 pro
397 3137 576 3206 Triptolemo,
598 3140 688 3188 Dares
706 3135 823 3202 praebet
839 3134 1059 3200 Neoptolemum,
1095 3133 1163 3189 eod.

199 3201 406 3270 Triptolemum.
476 3207 518 3257 99.
542 3219 575 3254 ex
597 3204 722 3269 margine
745 3203 867 3253 aduncus
890 3203 964 3267 quod
987 3202 1073 3254 etiam
1090 3201 1164 3267 apud

184 3275 338 3333 venalem,
357 3289 407 3338 pro
425 3273 549 3323 arduicus.
602 3273 659 3322 101.
677 3285 747 3320 naso
759 3284 809 3334 pro
820 3283 917 3319 nasum
930 3270 990 3322 cod.
1042 3271 1100 3323 105.
1117 3267 1164 3320 nl-

198 3339 302 3390 luditur
329 3337 458 3390 -Oice'ron
487 3339 535 3389 lib.
562 3339 595 3388 de
622 3353 681 3389 sen.
709 3353 770 3403 cap.
798 3338 838 3387 10.
912 3340 972 3392 109.
1000 3337 1164 3400 Polydorus,

198 3407 417 3457 Dares-habeb:
452 3404 621 3457 Podalirium
651 3419 785 3466 crassum,
820 3404 975 3469 valentem,
1006 3404 1163 3468 superbum,

198 3474 316 3524 tristem.
387 3476 445 3525 119.
464 3471 517 3524 Os.
536 3473 602 3523 Her.
620 3472 657 3538 ΙΙ,
677 3475 719 3526 85.
754 3473 805 3526 Ex.
824 3475 878 3522 aot.
896 3473 974 3536 prob.
