2592 3978
417 203 479 255 Lib.
497 204 533 255 11.
568 221 592 258 v.
614 205 757 256 tte-150.
1035 203 1078 267 43

113 356 237 417 Sudavit
258 357 371 417 nostris
394 373 449 434 pro
471 364 501 414 te
523 353 720 416 Raimundus!
743 360 774 416 ln
797 358 901 424 armis:

156 439 218 500 Scit
240 438 294 499 tibi
317 439 364 499 bis
387 438 464 499 binis
486 441 531 499 ire
553 439 696 519 quadriga
719 442 802 507 rotis.

115 525 249 601 Occupat
271 533 435 584 extremum
458 522 583 591 scabies,
607 525 676 600 quia
699 523 784 585 ducis
805 526 836 584 in
859 522 955 585 aulam
1027 533 1076 582 125

155 608 341 687 Proscriptus
364 615 495 668 nostram
519 625 585 667 rem
606 608 759 670 recitando
781 625 874 670 ream.

109 693 166 752 Est
186 690 241 751 tibi
262 694 474 769 grammaticae
496 693 586 752 nimis
607 695 689 752 artus
711 693 818 753 lertilis
840 693 953 763 hortae,

154 776 211 847 Qui
234 775 344 856 quibus
366 783 397 836 et
418 776 533 855 quabus
556 793 644 835 omne
667 779 818 838 ministrat
840 776 916 838 olus.

111 862 154 920 An
178 878 237 920 non
262 877 316 937 prc
338 859 429 919 verbo
452 861 581 920 didicisti
606 877 725 920 sumere
748 860 871 922 verbum

154 945 194 1006 Ut
214 953 335 1006 teneant
358 947 511 1023 proprium
534 943 650 1019 singula
674 960 809 1022 quaeque
832 945 948 1007 locum?
1025 955 1075 1005 130

109 1029 247 1089 Territus
268 1029 314 1088 his
334 1026 449 1107 jaculis,
472 1031 585 1089 cessavi
606 1046 732 1107 ponere:
755 1031 880 1108 perti-
930 1083 937 1087 .

153 1113 215 1173 Nax
238 1130 354 1191 ponens
377 1115 439 1174 eius
464 1113 582 1174 nomine
605 1122 704 1173 mente
724 1122 823 1174 tenax.

109 1196 267 1258 Crudelem
291 1200 315 1256 si
339 1197 405 1258 dico
429 1200 534 1265 virum,
557 1199 582 1257 si
605 1198 671 1257 dico
694 1197 807 1258 virilem

154 1278 206 1341 Vel
228 1283 253 1342 si
277 1283 418 1350 virosum,
441 1281 567 1341 sustinet
589 1279 639 1341 illa
661 1289 800 1342 metrum.

394 1459 516 1516 NAVES
533 1460 790 1518 unPAnAN'ruu.

94 1577 166 1646 'Pes
189 1585 282 1645 scitus
304 1592 334 1645 et
355 1582 497 1663 querulus
520 1583 635 1644 Danaos
656 1583 845 1646 convulserat
866 1603 970 1646 omnes
1025 1595 1073 1644 135

151 1668 229 1731 uelli
251 1670 410 1746 participes
433 1668 590 1728 aedificare
612 1676 702 1736 rates,
747 1745 753 1752 ³

110 1753 211 1814 Currit
231 1755 267 1813 ad
290 1753 428 1813 incudem
450 1755 570 1833 quaevis
592 1752 758 1832 reparanda
780 1751 928 1832 bipennis,

151 1837 274 1898 blalleus
297 1836 388 1914 aiiligi
409 1855 442 1896 se
463 1835 544 1896 dolet
565 1847 629 1898 arte
651 1836 739 1898 labri.

111 1921 245 1984 Runcina
268 1919 371 1982 lambit
392 1938 484 2000 aquas
507 1930 537 1980 et
559 1922 631 1982 lerrl
653 1928 793 2000 provocat
814 1921 883 1992 iras,

150 2005 190 2068 Ut
211 2005 283 2082 ligni
305 2004 440 2066 manibus
462 2014 576 2082 pugnet
597 2008 629 2066 in
652 2024 740 2066 omne
763 2024 878 2070 nemus.
1024 2015 1073 2064 140

110 2089 266 2168 Nunquam
289 2091 442 2149 conferret
464 2097 508 2150 tot
530 2088 602 2151 silva
626 2089 782 2150 manubria
805 2092 896 2162 ierrc,

152 2174 184 2234 Si
206 2192 258 2234 sua
281 2176 373 2236 sciret
394 2191 429 2232 ec
452 2174 577 2235 maxima
601 2173 705 2236 damna
729 2175 805 2234 data.

109 2259 171 2319 ltur
193 2260 225 2318 in
247 2260 396 2338 antiquam
419 2256 535 2326 silvam;
560 2257 695 2337 conjurat
717 2259 746 2319 in
770 2259 863 2337 ipsam

151 2343 301 2403 Plurimus
324 2351 353 2403 ct
374 2343 486 2420 pariter
509 2341 621 2421 absque
642 2351 746 2421 tepore
768 2341 862 2404 laber.

109 2425 264 2487 lnsolitum
286 2427 398 2505 patitur
420 2429 510 2506 pinus
532 2435 630 2486 secata
652 2427 759 2495 securi,
1021 2435 1071 2484 lta

151 2512 389 2588 immensamque
412 2528 505 2571 ruens
528 2518 654 2589 occupat
675 2528 767 2571 ornus
788 2510 921 2572 humum.

108 2596 155 2656 Fit
176 2596 279 2671 lragcr
301 2596 331 2654 in
354 2594 444 2663 silvis,
468 2597 529 2655 taxi
550 2602 729 2674 torquentur
751 2595 780 2656 in
803 2613 900 2666 arcus,

150 2679 278 2740 Currere
301 2681 381 2756 cogit
404 2697 478 2758 opus
501 2676 696 2758 multiplicata
720 2697 834 2741 manus.

110 2763 142 2823 lu
166 2765 289 2825 classem
312 2763 392 2823 eadit
413 2780 501 2823 omne
523 2781 639 2830 nemus,
663 2762 740 2825 volat
760 2765 793 2823 iu
816 2781 899 2825 mare
921 2781 1050 2843 quercus

151 2847 276 2908 Portant
297 2849 428 2908 insuetas
450 2858 536 2908 taxus
559 2854 589 2908 et
610 2848 696 2908 alnus
718 2866 825 2928 aquas:
1022 2857 1072 2906 150

176 3084 233 3135 123.
260 3082 322 3146 quir
348 3082 386 3133 sit
411 3081 458 3134 bic
479 3081 667 3144 Raymundus,
690 3083 835 3134 nescimus.
906 3083 964 3134 12⁶.
982 3055 1070 3148 prims

109 3165 173 3213 pars
192 3154 236 3200 est
253 3149 366 3200 Horatii
389 3151 419 3201 A.
438 3149 469 3200 P.
486 3152 546 3201 417.
618 3152 675 3202 127.
703 3151 734 3200 iu
754 3151 892 3217 mergium
920 3151 987 3214 quia
1009 3166 1071 3216 per·

108 3217 185 3266 tinex
203 3219 232 3267 in
249 3220 366 3267 metrum
383 3217 450 3281 poni
467 3233 520 3268 nou
539 3223 641 3282 potest.
677 3220 734 3272 ltu.
752 3218 968 3284 dateproduio.
1012 3221 1069 3272 143.
1155 3263 1158 3268 .

106 3286 138 3334 it.
156 3286 186 3334 in
204 3289 262 3336 unt.
284 3282 354 3348 sylv.
375 3301 389 3335 e
409 3283 508 3349 Virgil.
528 3286 741 3348 Aen.v1‚1uu.
804 3288 871 3336 tet.
895 3284 962 3336 eod.
979 3287 1072 3337 Pruri-

106 3367 172 3402 mus.
227 3354 284 3406 145.
297 3349 364 3401 Cod.
377 3352 526 3402 insolitam.
578 3355 636 3407 147.
654 3352 705 3405 Or.
715 3355 781 3406 Met.
793 3354 814 3415 Ι,
826 3355 885 3404 268.
902 3353 949 3402 uit
967 3353 1069 3418 fragor.

106 3417 181 3484 virg.
198 3420 278 3474 Geor.
290 3419 326 3480 11,
341 3422 392 3470 tte
403 3424 459 3475 tax.
472 3426 541 3485 torq.
553 3420 583 3470 in
600 3435 658 3475 erc.
710 3423 768 3473 149.
785 3421 910 3472 Guulter.
925 3419 1070 3471 Alexandr.

106 3487 140 3550 X,
166 3488 227 3538 188:
263 3486 296 3536 In
321 3488 438 3540 classem
459 3487 535 3538 cadit
554 3503 633 3538 omne
651 3503 759 3550 nemus,
783 3492 877 3553 stupet
896 3502 961 3537 aera
979 3487 1069 3538 tellus.
