2592 3978
434 195 499 246 uin.
517 195 554 244 11.
590 212 616 250 v.
634 197 776 246 res-ees.
1047 194 1088 259 47

122 345 273 409 Adventus
296 346 386 406 vestri
408 345 517 424 probet
539 345 588 408 hic
610 346 686 407 sieta
708 347 844 408 voluntas
1038 357 1089 407 235

165 431 204 491 Et
226 448 299 509 ques
322 431 444 491 vexistis
467 431 526 491 huc
547 431 694 492 veniendo
717 440 806 492 retes.

103 516 218 581 .1mmo
240 514 325 574 labor
347 512 522 575 tolerandus
544 514 650 589 adhuc,
674 534 741 576 cum
764 517 857 576 simus
880 519 957 578 inire

164 600 197 660 ln
223 599 391 678 mrygram,
415 601 509 660 fortes
532 617 601 660 ense
623 599 744 660 domare
767 600 907 679 Phryges,

122 686 191 754 Vos,
215 685 267 762 qui
288 684 441 763 proposito
464 681 554 743 notite
578 684 720 744 recedere
742 693 852 752 vestro,

166 770 343 831 Constantes
365 769 502 848 sequitur
524 767 619 843 gioria
641 784 747 844 magna
770 771 856 829 viros.
1037 778 1088 828 240

122 851 190 915 otia
214 853 351 932 deponet,
375 854 467 913 ermis
489 870 521 912 se
544 853 657 914 Graeca
678 851 816 930 juventus

167 937 282 1006 induat,
305 937 362 997 iam
385 936 484 996 minax
507 938 543 996 ed
567 936 645 996 lotus
667 939 747 998 ensis
770 944 826 1006 eat,

121 1023 260 1083 Vindicet
281 1019 451 1100 opprobria,
474 1020 554 1081 hunc
576 1020 702 1090 hostem,
727 1021 833 1081 demna
857 1024 1001 1101 requirat,

167 1107 229 1166 Nec
251 1107 310 1165 nisi
333 1103 474 1184 subjectis
496 1103 632 1166 hostibus
654 1123 736 1165 erma
758 1107 853 1172 locet;

124 1191 183 1252 Sed
207 1199 305 1251 temen
329 1190 445 1250 interea
468 1189 599 1269 Delphos
621 1191 763 1259 mittatur,
786 1191 889 1268 Apollo
1038 1198 1088 1247 245

164 1275 218 1336 Est
239 1273 291 1342 ibi,
315 1292 369 1352 pro
391 1281 460 1334 voto
483 1274 559 1334 done
582 1275 716 1335 feremus
738 1277 779 1343 ei:
844 1300 846 1306 r

121 1361 268 1420 Eventum
292 1356 362 1419 belli
384 1376 561 1435 responsum
583 1360 661 1419 scire
682 1377 738 1436 per
760 1361 824 1419 eius

165 1443 340 1510 Possumus;
364 1446 394 1503 in
417 1443 507 1503 tinem
530 1442 582 1503 sed
603 1443 670 1521 quis
691 1445 788 1503 iturus
811 1443 885 1502 erit?

386 1608 485 1694 suus
503 1639 603 1694 nour
620 1617 817 1694 suspense.

122 1780 246 1851 Quaerit
268 1798 335 1840 cum
359 1781 440 1842 socio
462 1778 600 1840 Patroclo
622 1780 732 1839 missus
753 1776 881 1839 Achilles

165 1863 207 1924 De
229 1881 263 1924 re
286 1864 451 1942 proposita;
473 1865 593 1941 fetuque
615 1863 714 1923 santur
736 1863 789 1922 ite:
1036 1873 1087 1922 250

122 1950 229 2010 Graeci
252 1947 397 2026 Troianos
419 1949 538 2008 vincent
560 1947 736 2026 decimoque
759 1945 813 2006 suh
837 1964 914 2007 enno

163 2036 186 2092 t
210 2034 331 2094 Graecis
353 2031 443 2092 debet
464 2031 554 2111 Troja
578 2030 698 2092 subacta
722 2033 799 2110 cepi.

122 2116 246 2179 Calchas
268 2117 387 2177 divinus
410 2123 439 2176 et
460 2116 586 2178 Nestore
609 2123 695 2176 natus
719 2116 825 2177 eodem

164 2201 215 2262 Est
237 2219 293 2279 pro
315 2199 453 2278 Trojenis
475 2207 610 2279 ternpore
632 2200 740 2260 missus
762 2218 808 2260 eo.

121 2285 164 2345 De
187 2302 281 2362 regno
297 2284 453 2364 'rebusque
475 2287 536 2345 suis
558 2285 607 2344 hic
629 2282 768 2354 consulit,
792 2283 873 2344 audit
1036 2293 1086 2341 255

165 2368 248 2439 Quod
272 2369 330 2429 sibi
352 2386 420 2430 cum
443 2369 564 2429 Graecis
585 2367 675 2447 Troja
697 2367 823 2446 petenda
846 2367 912 2427 suit.
1011 2439 1015 2446 1

3 2452 9 2461 ’
124 2452 310 2513 Conveniunt
331 2452 455 2514 Calchas
479 2461 508 2514 et
530 2451 669 2520 Achilles,
692 2469 784 2528 seque
807 2451 936 2512 salutent

163 2537 203 2598 Et
225 2535 314 2598 simul
335 2538 365 2596 in
388 2538 458 2598 tono
480 2545 583 2598 mutue
605 2534 695 2595 verbe
718 2541 830 2596 serunt.

120 2620 303 2684 Alterutrum
327 2633 489 2698 quaerunt:
512 2619 566 2681 tibi
588 2618 659 2699 quid
682 2620 840 2700 respondit
859 2619 979 2700 Apollo?

164 2706 228 2768 Hoc
250 2706 325 2767 mihi
348 2705 421 2766 dixit
443 2706 561 2774 etheo,
586 2722 662 2765 unus
686 2712 715 2764 et
736 2703 812 2764 aiter
834 2706 886 2764 eit
1035 2714 1086 2762 260

123 2792 228 2852 Graeci
250 2793 378 2851 victores
399 2791 479 2865 ssent
504 2790 561 2850 hoc
583 2790 694 2868 inquit;
718 2787 768 2850 hic
790 2795 902 2849 cutem:

164 2877 237 2938 Cum
261 2875 383 2936 Graecis
404 2874 464 2944 ibo,
487 2872 613 2935 Troicus
634 2873 729 2933 hostis
752 2889 813 2934 ero.

123 2958 319 3030 concordent,
342 2961 371 3019 in
395 2958 554 3019 amicitiem
577 2959 740 3027 socientur,
763 2955 894 3018 Athenas

165 3044 208 3105 nd
230 3043 347 3104 Danaos
368 3045 491 3104 veniunt
514 3050 543 3102 et
564 3043 687 3102 recitate
709 3036 819 3102 ferunt.

170 3200 180 3205 ..
192 3199 311 3206 -.---.-..-
319 3199 323 3203 ,

189 3281 247 3330 235.
276 3294 385 3344 margot
416 3278 516 3340 allois,
535 3276 584 3326 ced
602 3290 754 3341 perperam,
772 3291 836 3326 uem
854 3276 931 3329 elate
948 3277 1087 3343 significe-

122 3347 199 3397 iione
218 3345 317 3408 ,‚citc“
340 3346 427 3397 utitur
444 3352 547 3396 noster.
599 3346 657 3394 244.
678 3344 743 3398 Cod.
762 3343 823 3394 sibi.
893 3347 952 3397 246.
972 3358 1085 3408 emerg.

48 3417 53 3424 '
121 3421 185 3465 voto
204 3429 253 3479 pro
271 3414 332 3463 eod.
350 3417 425 3468 vote.
518 3415 577 3465 253.
608 3411 678 3471 Quis
696 3409 878 3473 Trojanorum
902 3417 946 3464 est
966 3412 1085 3462 Nestore

121 3483 221 3534 natus?
289 3482 346 3531 263.
365 3495 399 3530 ex
416 3480 540 3545 margine
558 3493 621 3545 pro:
639 3478 815 3533 condordont.
