2592 3978
465 213 528 263 Lib.
547 215 569 264 Ι.
605 230 630 266 v,
650 213 793 264 roe-788.
863 223 864 230 ’

147 365 270 428 Advolat
291 365 442 443 Euryalus,
466 385 534 426 cum
558 363 730 443 Tlepolemo
752 364 918 433 Diomedes,

191 451 292 525 Quini,
316 469 390 528 quos
412 458 531 526 poterat
552 450 642 510 Troia
668 452 782 518 timere,
807 451 873 509 viri.

148 537 186 597 Hi
209 536 346 614 Spartam
369 535 501 600 veniunt.
524 533 632 612 injuria
656 535 734 594 iacta
756 533 881 602 recedit,

190 619 223 679 iu
246 629 334 698 caput
356 621 500 697 ipsorum,
525 621 575 694 qui
599 636 746 686 meruere,
771 619 879 680 ierunt.

147 705 206 765 Per
229 703 359 764 Graecas
381 703 470 762 urbes
492 721 550 762 non
574 721 686 781 paucus
708 705 831 763 nuntius
853 702 915 772 ibit,

190 789 242 849 Est
265 806 358 867 opus·
372 797 406 847 ut
427 787 536 848 iactum
560 787 684 848 Graecia
706 795 767 848 tota
791 789 872 848 sciat.

150 875 237 934 Arma
259 872 459 933 movebuntur
481 891 535 951 per
557 879 648 932 totam
674 872 777 932 Dorica
801 880 923 940 terram,

191 959 342 1018 Sustineat
363 959 498 1017 meritam
522 957 609 1016 Troia
634 957 761 1034 superba
784 957 888 1016 vicem.

149 1042 276 1120 Expedit
298 1043 412 1101 interea
436 1041 576 1102 fabricari
598 1041 678 1100 milio
702 1043 834 1114 carinas3

193 1127 280 1187 Leuti
305 1144 363 1187 uon
385 1128 501 1188 erimus
523 1145 577 1205 per
599 1128 689 1186 maris
711 1128 757 1186 ire
779 1127 852 1195 vias,

150 1211 366 1274 Conducendus
388 1214 445 1270 erit
466 1213 624 1279 exercitus,
648 1227 729 1270 arma
753 1209 893 1285 paranda,

192 1296 314 1356 Diverso
337 1294 441 1356 classis
463 1304 509 1356 est
530 1295 680 1355 oneranda
705 1293 780 1354 cibo

150 1380 202 1440 Est
224 1382 368 1441 exercitui
391 1388 480 1455 ceput
502 1399 593 1440 unum
617 1379 861 1456 praeficiendum,

192 1465 235 1526 Ad
258 1473 362 1524 nutum
386 1467 471 1524 cuius
493 1482 580 1524 omne
602 1473 725 1540 regatur
747 1481 831 1522 onus.

151 1548 211 1610 Nos
234 1566 353 1628 quoque
377 1548 520 1608 debemus
543 1551 612 1608 totis
634 1545 809 1622 incumbere
832 1547 934 1610 retnis,

193 1634 230 1695 Ut
253 1635 322 1710 figat
345 1631 504 1712 Phrygium
527 1632 628 1692 lancea
651 1640 753 1692 nostra
776 1629 881 1694 solum.

152 1717 427 1779 Scilicetadversis
450 1715 583 1795 probitas
605 1719 733 1776 exercita
757 1713 849 1775 rebus

194 1801 284 1862 Tristi
306 1803 459 1862 materiam
482 1809 614 1880 tempore
639 1801 732 1861 laudis
754 1797 855 1859 babet.

308 1945 545 2024 AGAMEMNON
562 1945 687 2001 REGNO
705 1943 954 2001 PRAEFICITUR.

151 2055 256 2132 Regno
277 2053 450 2132 praeficitur
471 2059 684 2130 Agamemnon,
708 2059 767 2114 tota
789 2049 908 2129 jubetur

196 2139 334 2198 Protinus
355 2139 483 2216 imperio
506 2136 630 2197 Graecia
655 2146 734 2197 stare
756 2154 820 2197 suo.

153 2223 301 2301 Praecipit
323 2232 355 2282 ut
379 2223 492 2282 Danaos
514 2232 671 2301 percurrat
694 2220 820 2300 plurima
843 2221 917 2280 fines

196 2307 316 2368 Littera.
341 2307 516 2367 describens
537 2305 587 2366 bic
609 2314 639 2366 ct
663 2306 775 2385 ubique
797 2313 891 2365 rates:

153 2391 189 2451 tu
211 2390 324 2451 ratibus
345 2391 429 2452 iactis
451 2398 557 2469 portus
579 2397 717 2450 teneatur
740 2388 873 2455 Athenis,

195 2474 285 2536 Uise
308 2477 350 2534 vis
371 2477 473 2553 populi
497 2473 615 2550 colligat
637 2475 733 2534 omuis
754 2472 808 2533 ibi.

154 2560 275 2634 ibimus,
298 2561 402 2638 inquit.
426 2557 535 2618 abhinc
559 2557 693 2636 Trojam;
717 2576 803 2637 quae,
827 2565 950 2617 strenua
972 2553 1060 2617 uobis

195 2644 226 2704 Si
250 2661 355 2704 manus
378 2651 423 2703 est
445 2652 475 2703 et
497 2661 593 2710 mens,
616 2642 708 2712 indita
730 2639 840 2720 probra
864 2640 935 2701 luet.

153 2728 294 2806 Turpiter
316 2729 416 2788 amisit
438 2725 579 2788 Helenam
603 2729 755 2807 provincia
779 2734 891 2796 nostra,

194 2811 301 2872 Etiecit
321 2812 463 2890 praedatu
487 2813 598 2888 praedo
622 2811 742 2872 dolosus
764 2829 840 2872 eam.
1066 2815 1116 2864 ⁷85

152 2897 303 2957 lucarnam
326 2897 409 2956 Puris
432 2899 568 2972 arripuit,
591 2915 646 2974 pro
670 2894 797 2975 conjuge
819 2895 903 2955 duxit

195 2979 346 3041 Praebeus
368 2981 497 3041 innocuo
518 2979 596 3041 iacta
619 2981 721 3040 nociva
745 2981 843 3040 thoro.

153 3064 259 3126 Omnis
282 3067 312 3124 in
335 3082 415 3126 arma
439 3072 517 3134 ruat,
540 3063 645 3142 gladiis
666 3081 699 3126 se
721 3064 845 3126 Graecia
868 3063 974 3141 cingat,

221 3231 279 3285 tos.
307 3231 373 3283 Cod.
395 3232 534 3285 Auriolus.
557 3233 745 3297 Tleptolomo‚
771 3232 938 3283 mutavimus
964 3247 979 3281 e
1005 3229 1115 3282 Darote.

152 3302 210 3352 tue.
241 3299 307 3350 eod.
334 3301 434 3365 quini.
461 3315 553 3366 margo
573 3302 692 3366 quinque
712 3304 741 3350 et
760 3301 847 3364 quini.
934 3299 992 3348 tot.
1012 3297 1117 3349 Dorica

119 3377 124 3386 ·
151 3369 383 3434 superscriptum:
413 3366 528 3418 Graeca.
598 3371 655 3419 774.
680 3371 720 3418 ib.
743 3366 838 3418 Ovidii
853 3371 919 3417 suut
935 3365 1018 3418 Trist.
1038 3366 1071 3420 V.
1091 3367 1117 3418 5.

150 3438 255 3500 tutto,
273 3451 307 3485 ex
325 3441 380 3498 'quo
397 3435 459 3487 loco
478 3436 617 3500 posuimus
629 3437 716 3486 Tristi
732 3439 830 3485 meter.
847 3449 897 3500 per
914 3433 999 3483 nostri
1017 3437 1116 3483 mater.

151 3504 225 3558 trist.
295 3505 354 3555 779,
372 3502 439 3554 Occi,
457 3503 551 3554 litora.
