2574 3976
194 207 253 272 178
492 210 553 262 uin.
574 210 622 262 vr.
648 207 685 259 ·v.
703 210 847 258 aar-aee.

186 362 234 426 Ad
257 363 374 439 signum
398 379 563 439 suasoque
587 369 701 438 parant,
725 367 903 438 tempusque
925 356 1084 436 locumque

235 445 408 514 Observant,
433 444 525 506 lortes
547 463 629 504 arma
653 442 755 504 suhire
778 448 892 502 vocant.

193 531 323 611 Tempus
347 538 411 590 erat
433 527 552 588 dubiam
576 546 687 606 cogens
709 529 881 604 nigrescere
903 526 1010 598 lucem,

137 615 139 619 ’
236 615 290 676 Cui
306 632 402 693 neque
419 613 577 692 lux‘neque
591 631 649 673 nox
663 621 717 680 est,
729 612 780 674 sed
794 619 956 691 utrumque
968 616 1085 690 pare'ns.
1110 619 1166 668 340

193 699 260 760 Non
283 698 333 759 dat
355 698 451 758 adhuc
474 697 571 759 clares
587 694 759 758 custodibus
775 694 1014 774 Amphimachus,
1038 694 1091 754 sed

237 784 275 844 Se
299 799 393 863 penes
416 782 469 842 has
491 779 604 849 hahuit,
628 786 730 861 postea
753 799 823 841 vero
847 780 937 840 dedit.

195 869 296 928 Claves
319 868 452 927 Antenor
474 864 726 942 Anchisiadesque
748 863 889 942 tulerunt,

237 951 295 1011 Res
319 970 352 1010 ea
376 967 499 1028 prorsus
522 958 585 1010 erat
607 948 774 1026 suspicione
798 966 936 1010 careus..
1275 1003 1276 1026 ἶ

194 1036 237 1098 Ad
261 1053 378 1095 murum
403 1042 515 1112 portae,
540 1042 658 1093 cautum
681 1033 790 1114 quibus
814 1051 878 1094 csse
903 1030 1048 1099 volebant,
1112 1039 1164 1088 345

105 1198 109 1203 p
237 1119 404 1187 Adducunt,
429 1135 533 1178 murus
552 1124 585 1177 ut
607 1125 725 1177 tucatur
748 1135 792 1177 eo:

195 1205 231 1265 Et
253 1204 352 1263 statIm
374 1210 459 1280 porta
483 1199 791 1263 succendunt'lurneu
813 1209 924 1280 aperta,

237 1287 372 1350 Gaudent
394 1285 430 1346 ad
453 1284 574 1346 rutilam
598 1285 703 1346 llorica
727 1293 824 1346 castra
845 1287 956 1355 lacem;

197 1373 332 1433 Luminis
354 1370 390 1431 ad
414 1370 530 1431 radium
554 1389 586 1430 se
609 1369 750 1430 transicit
773 1369 842 1430 ilico
865 1369 1007 1448 Pyrrhus,
1051 1431 1058 1448 ,

238 1456 291 1516 Vix
315 1455 392 1516 hene
415 1457 581 1532 contigerat
603 1454 757 1531 Pergama,
781 1461 866 1532 porta
888 1459 980 1530 patet.
1112 1461 1165 1509 350

195 1543 263 1602 Mox
285 1549 469 1600 reseratores
492 1557 545 1617 pro
568 1540 793 1598 conservamine
816 1556 932 1598 ramum
978 1547 979 1552 ’

238 1627 261 1685 A
283 1622 398 1704 Pyrrho
421 1625 502 1702 pacis
524 1621 727 1702 praesidiique
749 1622 859 1682 lerunt.

196 1709 234 1771 Se
257 1725 453 1788 quaecunque
476 1706 581 1768 domus
603 1709 687 1784 signo
710 1709 885 1767 cristaverat
906 1705 978 1773 isto;

242 1792 373 1872 Pyrrhus
396 1793 451 1860 ait;
475 1790 556 1852 nulla
577 1809 633 1872 per
655 1798 834 1852 nocumenta
857 1789 951 1858 cadet,

197 1878 370 1952 vosigitur
394 1882 488 1935 vestra
512 1884 685 1955 vestrosque
708 1876 845 1954 reponite
868 1881 930 1933 tuto
1112 1882 1166 1930 355

241 1961 279 2022 Ut
302 1978 352 2022 ros
376 1967 532 2021 conservet
554 1961 650 2038 pactio
674 1962 750 2020 lacta
773 1958 846 2019 loco.

422 2139 718 2210 ¹[eormrmmmmo
738 2136 937 2206 uucronrs]

198 2261 285 2331 Urbs,
308 2262 400 2342 stylus
424 2270 585 2323 extremam
610 2261 694 2339 cujus
714 2261 775 2340 jam
798 2261 945 2339 scriptitat
966 2257 1080 2327 horam,

240 2351 299 2409 Arx
321 2363 435 2424 regum,
459 2364 620 2425 procerum
643 2364 717 2425 quae
740 2343 798 2405 luit
821 2351 909 2422 atque
932 2342 1051 2413 ducum,

199 2431 294 2502 Quam
318 2433 393 2492 situs
414 2431 479 2508 ipse
501 2430 569 2500 loci,
593 2446 681 2506 quam
705 2447 806 2489 rerum
829 2429 914 2506 copia
937 2425 1051 2505 major

245 2514 366 2584 Extulit,
391 2522 478 2594 atque
501 2513 644 2591 frequens
665 2531 769 2574 rumor
791 2512 828 2572 ad
851 2521 929 2574 astra
952 2511 1037 2573 tutitt
1114 2520 1169 2568 360

199 2601 280 2660 Haec
302 2598 400 2678 ajunt,
425 2598 504 2678 quod
527 2597 582 2658 sub
605 2596 754 2659 Abraham
776 2604 959 2665 constructa,
982 2595 1037 2656 sed
1059 2594 1167 2664 Abdon
1275 2613 1276 2666 t

219 2684 290 2744 ·sic
313 2682 392 2762 quod
415 2681 470 2744 sub
493 2688 596 2743 nostro
617 2681 717 2761 judice
739 2688 829 2742 strata
851 2680 924 2750 solo,

200 2768 238 2828 Et
260 2774 330 2828 sunt
351 2767 403 2845 qui
426 2766 525 2826 dicant
547 2765 624 2826 hanc
646 2767 811 2826 surrexisse
833 2763 889 2826 suh
913 2763 1008 2832 Aioth,

242 2851 298 2924 Qui
321 2852 463 2931 pinguem
487 2848 581 2912 valido
604 2848 725 2911 vulnere
747 2850 810 2910 lixit
832 2846 940 2924 Eglom
1275 2887 1276 2936 p

200 2937 237 2997 Et
258 2938 384 2998 tortasse
399 2935 502 3014 legens
524 2936 566 2996 sic
589 2935 676 3004 dicet,
701 2953 754 2995 cur
776 2932 842 2993 tulit
863 2940 968 2994 auctor
1111 2941 1165 2988 365
1275 2973 1276 2990 t

243 3021 276 3080 lu
299 3037 446 3081 cameram
469 3019 559 3080 studii
582 3019 687 3086 Troica
711 3018 787 3079 bella
811 3016 885 3076 sihi?

269 3225 327 3274 339.
345 3225 387 3274 40.
406 3221 527 3273 Gualter.
546 3220 624 3270 Alex.
642 3220 693 3282 ΙΙΙ,
711 3221 770 3270 463.
789 3220 822 3269 64

269 3291 386 3356 Tempus
405 3294 465 3340 erat
483 3288 595 3338 dubiam
613 3301 715 3352 cogens
733 3285 888 3351 pallescere
906 3285 1005 3347 lucem,

270 3357 321 3408 Cui
338 3371 427 3422 neque
446 3354 492 3406 lux
509 3369 598 3419 nequa
616 3370 671 3405 uox
689 3355 805 3419 imponit
822 3368 920 3404 nomeu
937 3357 1091 3415 utrumque.

201 3427 259 3476 340.
278 3423 365 3475 schol.
385 3421 584 3487 crepusculum.
626 3424 684 3473 362.
702 3435 808 3484 margo:
828 3424 923 3471 noster
935 3419 1005 3470 dicit
1016 3417 1089 3482 quod
1103 3421 1172 3467 tem-

201 3491 315 3556 poribus
330 3488 454 3554 judlcum
467 3503 550 3552 quum
568 3493 643 3539 esset
653 3488 751 3539 Abdon
765 3487 853 3550 judex
867 3487 1008 3537 destructa
1019 3490 1062 3535 est
1074 3483 1171 3549 Troja.
1275 3481 1276 3488 ’
