2592 3978
177 177 219 242 28
500 177 561 228 nra.
580 178 601 232 1.
636 191 661 227 v.
680 177 822 228 515-545.

179 332 315 410 Augebat
336 349 493 393 numerum
517 330 612 406 dulcis
635 332 766 392 mixtura
789 331 930 400 virorum,

223 415 280 486 Oui
303 417 340 477 de
362 416 517 477 Paeonicis
538 416 684 476 introiere
706 414 790 485 locis,
1093 421 1151 472 525

180 503 218 564 llt
240 519 294 580 per
316 499 517 562 Alexandrum
540 509 610 575 sunt
631 499 879 579 Deiphobumque
903 497 997 558 vocati

195 593 197 596 ’
222 585 344 648 Consilii
367 586 507 664 prompti,
531 585 706 644 strenuitate
729 583 825 664 probi.

179 670 272 732 Totus
295 670 330 731 ad
354 688 435 730 arma
458 668 536 728 volat
558 669 714 738 exercitus,
739 686 820 728 arma
842 675 955 729 vetusta

222 754 371 822 Furlurat,
393 761 428 815 ut
449 754 578 821 niteant;
602 752 632 812 in
655 752 812 828 dumisque
834 752 950 832 probat.

182 838 327 901 Omnibus
349 856 407 898 una
430 839 523 916 quies,
548 854 672 915 operum
694 835 779 898 labor
802 836 942 899 omnibus
964 853 1049 908 unus,
1097 845 1147 895 555

150 991 153 998 Α
224 923 359 985 Dedecus
381 921 493 990 ulcisci,
517 922 636 982 vincere
658 922 720 980 sive
742 923 828 982 mori.

180 1007 244 1068 Rex
265 1006 403 1068 Paridem
427 1006 571 1083 praefecit
594 1007 638 1065 eis
661 1005 808 1086 dixitque:
833 1023 977 1076 sororem,

222 1091 304 1152 hitus
327 1098 359 1152 ut
381 1091 523 1166 attigeris
547 1091 646 1167 primo
669 1093 791 1169 require
814 1108 921 1151 meam.

181 1175 265 1236 Tolle
288 1175 474 1254 requisitam,
498 1174 523 1233 si
546 1172 683 1244 reddunt,
708 1173 803 1254 adjice
826 1174 902 1236 lacta

223 1260 256 1320 ln
278 1278 332 1320 nos
356 1258 528 1336 obprobria,
552 1259 577 1318 si
599 1260 714 1319 varlare
737 1260 836 1319 velint.

181 1345 212 1404 Si
235 1345 349 1406 variare
371 1341 472 1403 volunt
495 1350 524 1402 et
545 1351 716 1404 restaurare
739 1342 867 1422 puellam
953 1381 959 1392 ·

224 1427 347 1490 Caetera
370 1429 510 1496 sustineo,
534 1429 616 1505 pacis
638 1435 752 1488 amator
775 1445 837 1490 ero.

180 1513 212 1573 Si
234 1514 342 1583 minus,
365 1512 422 1572 hoc
445 1519 565 1572 nostrae
587 1511 699 1572 referat
721 1513 780 1572 cito
804 1513 926 1572 nuntius
948 1513 1029 1580 auri,

224 1597 335 1658 Mittam
359 1615 427 1657 cum
448 1596 564 1655 ratibus
587 1613 669 1655 arma
691 1595 829 1674 virosque
851 1595 917 1655 tibi.
1020 1623 1024 1632 ν

184 1681 241 1742 Dat
263 1680 364 1741 Paridi
387 1679 521 1740 Priamus
543 1676 679 1738 Aeneam
703 1678 922 1759 Pygmalionem
1034 1750 1037 1753 ¹
1097 1688 1148 1739 535

222 1765 383 1826 Consortes
404 1771 527 1840 coeptae
548 1762 795 1840 Deiphobumque
819 1765 892 1824 viae.

181 1850 271 1911 Grata
293 1849 326 1908 tit
348 1865 420 1908 aura
443 1847 531 1916 ireto,
555 1846 733 1908 subducitur
755 1865 864 1908 ancora
886 1839 979 1908 tundo

223 1931 280 1993 Nat
302 1933 385 1993 navis
407 1933 436 1990 in
460 1929 564 2010 pelago
588 1931 648 1990 vela
672 1931 797 1992 vehente
820 1931 920 1992 notho.

135 2093 137 2096 .
182 2017 277 2078 Nauta
299 2014 447 2092 gubernat
468 2017 527 2075 iter
548 2016 715 2084 Antenoris,
738 2015 788 2076 1115
811 2019 941 2077 marinas

224 2099 351 2160 Noverat
373 2117 408 2158 ex
431 2117 487 2159 usu
510 2098 655 2160 velificare
677 2103 748 2160 vias.

378 2279 439 2334 HIC
457 2278 562 2338 Peius
580 2279 696 2334 VDNIT
713 2280 764 2333 AD
782 2279 943 2334 PORTUM.

184 2402 325 2464 Nondum
348 2401 535 2480 contigerant
557 2401 725 2482 Cytheram,
748 2403 791 2462 sic
813 2401 910 2463 insula
932 2403 1009 2465 dicta

225 2486 286 2556 Est,
311 2494 340 2545 et
362 2503 470 2546 nomen
493 2485 544 2546 ab:
569 2505 595 2555 o,
620 2505 636 2545 o
661 2485 803 2565 Cytherea
825 2493 916 2548 tenet.

182 2571 321 2632 Occurrit
342 2569 441 2629 Paridi
464 2569 623 2643 Menelaus
647 2577 761 2648 spectat
784 2577 912 2640 euntem,

223 2654 357 2723 Miratur,
381 2654 429 2712 cui
451 2653 487 2712 sit
509 2651 660 2722 deliciosa,
684 2661 790 2714 retem.
1043 2725 1047 2732 ⁶
1094 2662 1148 2714 545

182 2737 311 2817 Oblique
334 2755 365 2798 55
388 2737 556 2813 respiciunt
578 2754 634 2796 nec
656 2745 762 2797 neuter
785 2755 888 2798 eorum

223 2822 275 2883 Est
298 2819 346 2882 alii
369 2821 451 2880 nisos
472 2828 574 2882 mutua
598 2819 687 2882 verba
709 2819 792 2898 loqui

248 2991 306 3041 519.
324 2987 477 3038 Maximien
495 2983 517 3050 I,
535 2989 569 3038 29

322 3054 452 3121 Angebat
470 3057 595 3106 meritum
615 3057 704 3108 dulcis
722 3055 841 3106 mixture
859 3058 999 3113 bonorum.

179 3127 238 3176 525.
255 3123 367 3175 Maxim.
385 3121 433 3186 VI,
453 3123 469 3174 5

292 3191 427 3241 Omnibus
445 3193 489 3241 551
508 3190 605 3241 eedem
623 3189 674 3240 leti
691 3191 751 3252 vic3
770 3205 825 3240 non
842 3194 937 3241 temen
954 3205 1025 3248 unus

324 3259 376 3308 Est
395 3258 469 3308 ritae
490 3258 599 3307 cunctis
619 3257 751 3322 exiliique
768 3257 866 3308 modis.

179 3327 239 3377 538.
258 3325 318 3380 cod.
329 3325 402 3375 vole.
456 3325 513 3375 542.
533 3323 598 3374 Ood.
617 3339 716 3374 nomen
735 3325 770 3375 eh
788 3340 804 3374 ο
819 3324 930 3376 chieree
943 3331 1032 3376 teneo.
1045 3325 1147 3391 Merg.t

181 3409 197 3444 ο
216 3392 345 3443 chiteree
356 3392 458 3443 Venus.
499 3393 558 3442 544.
576 3394 686 3442 euntem
700 3407 733 3442 ex
745 3393 870 3458 margine
884 3409 933 3457 pro
947 3392 1051 3444 codicis
1064 3407 1148 3459 „eun-

181 3459 261 3511 dem“
281 3463 358 3511 recte
377 3460 450 3510 enim
468 3473 563 3524 mergo
582 3462 714 3522 „euntem
733 3463 762 3509 et
779 3475 834 3510 non
852 3460 1083 3512 subsistentem“.'
