2590 3984
466 116 594 171 uxa.1v,
623 119 811 170 ntor-438.
954 73 956 88 ’
1061 76 1225 181 1157

159 273 197 334 Ut
221 269 322 349 vulpes
344 269 434 349 vulpe
457 270 599 348 capiatur,
623 285 693 330 raro
715 269 844 347 ridetur3

201 356 272 416 Assa
295 362 395 415 tamen
421 355 513 414 vivam
537 353 690 415 decoriare
713 362 819 432 potest.

160 439 306 501 Aeacidae
328 446 459 499 mentem
482 455 573 518 quum
597 445 699 498 nostra
722 439 868 519 Polyxena
892 447 1007 520 tangam

200 525 310 603 lpsum,
333 524 413 603 quod
436 525 542 602 capiat,
565 530 629 582 rete
651 523 747 602 puella
772 531 848 584 neat.

160 611 242 672 Mitte
264 610 370 679 virum,
396 610 447 686 qui
470 606 550 668 dicat
571 609 607 676 ei,
632 625 718 686 quam
743 607 857 685 diligas,
882 618 965 688 optat

202 693 336 754 Foedere
361 692 493 772 conjugii
515 709 568 752 rex
591 693 705 752 sociare
729 691 791 752 tibi.

158 779 214 838 Pes
238 785 304 838 tuus
325 778 355 836 in
378 778 481 838 fanum
504 775 686 838 conscendat
707 775 859 854 Apollinis,
883 777 920 838 ad
943 796 997 839 nos

201 860 283 934 lllico
306 859 449 940 compleri
473 863 499 921 si
521 867 572 921 tua
594 867 660 920 vota
683 859 767 932 velis,

159 946 197 1008 Et
218 948 339 1007 veniens
361 948 461 1006 venias
484 948 549 1006 sine
572 945 664 1006 multo
687 943 781 1006 milite
804 945 894 1016 solus,

201 1030 331 1092 Turhari
352 1029 438 1094 turba
460 1029 581 1091 turbine
604 1029 680 1090 iorte
702 1036 807 1109 potest.

159 1115 223 1175 Sint
246 1134 279 1176 ea
302 1113 392 1176 verba
414 1132 489 1184 mea,
513 1131 572 1174 non
595 1116 656 1174 sint
677 1121 740 1184 tua;
765 1117 888 1177 nuntius
911 1124 1009 1178 autem

204 1200 249 1261 Sit
270 1206 354 1267 tuus;
379 1209 423 1259 est
445 1198 543 1259 verbis
566 1199 705 1259 credulus
727 1197 775 1259 ille
798 1200 887 1272 meis;

158 1283 283 1345 Insidias
305 1283 415 1344 habeas
436 1283 487 1344 illo
509 1284 646 1343 veniente
668 1290 793 1360 paratas,

201 1369 286 1430 'lunc
307 1367 391 1448 quasi
408 1369 453 1426 vir
476 1383 574 1445 surge,
599 1365 720 1427 brachia
743 1367 808 1426 laxa
830 1385 923 1437 more,

158 1452 195 1514 Et
217 1459 355 1514 moveant
376 1453 459 1519 socii,
482 1468 538 1512 nec
561 1459 679 1511 cessent
700 1451 829 1519 dextera,
847 1452 950 1512 donec

202 1537 363 1599 Multorum
377 1532 497 1597 'mortes
520 1542 657 1596 mortuus
680 1538 744 1614 ipse
766 1535 835 1596 luat.

160 1621 206 1683 Sis
228 1621 304 1683 bene
327 1619 471 1682 sollicitus
493 1637 639 1700 peragens
662 1619 734 1680 haec
757 1621 853 1680 omnia
877 1629 972 1700 caute,

201 1706 287 1767 Solus
310 1706 418 1766 secreti
441 1705 577 1765 conscius
600 1706 663 1764 esto
687 1705 738 1765 tui.

159 1792 232 1852 Cum
256 1791 347 1851 semel
371 1791 521 1858 emissum,
544 1789 623 1851 volet
645 1787 851 1868 irrevocabile,
875 1789 1015 1852 verbum:
1069 1801 1118 1851 425

201 1874 363 1944 Admoneo,
387 1875 484 1934 veniat
506 1891 543 1932 ue
567 1875 632 1950 quis
655 1874 691 1934 ad
714 1875 770 1934 ista
793 1873 910 1953 loquax.

158 1958 253 2038 Hujus
274 1957 440 2020 Alexander
462 1956 552 2018 veluti
574 1959 750 2019 temerarius
772 1975 875 2019 ausum

201 2043 347 2123 Propositi
370 2041 507 2122 spondet,
530 2045 652 2120 sponsio
676 2050 760 2103 cauta
783 2043 862 2104 latet

304 2204 480 2277 [NUNTIUS
498 2204 681 2260 MITTI'PUR
699 2205 749 2258 ΑΙ)
768 2205 974 2276 sonituum]

159 2313 287 2374 Nuntius
309 2313 423 2372 interea
447 2309 525 2370 vadit
549 2310 681 2371 dicturus
703 2309 825 2371 Achilli:

200 2395 320 2458 Hecuba
344 2414 391 2456 me
413 2396 494 2455 misit
517 2393 616 2454 dicere
638 2410 731 2471 pauca
755 2394 825 2465 tibi;

159 2480 232 2542 Filia
256 2489 356 2542 nostra
376 2477 430 2540 tibi
453 2477 557 2539 dilecta
580 2476 736 2559 Polyxena,
761 2479 835 2549 dico,

202 2563 252 2634 ie,
277 2565 355 2626 velut
378 2562 510 2643 optabas,
535 2565 727 2642 impatienter
750 2572 838 2625 amat.

159 2649 190 2710 Si
212 2656 242 2709 te
264 2648 391 2710 delectat
411 2647 536 2710 Veneris
559 2647 721 2728 decerpere
744 2647 844 2725 tiores,

199 2731 270 2812 Ejus
292 2733 322 2794 in
345 2733 483 2811 amplexu
506 2735 545 2814 sit
567 2750 650 2793 mora
673 2731 763 2804 nulla,
788 2734 865 2794 veni.

158 2817 253 2878 Eine
276 2818 424 2897 propositi
446 2816 600 2894 lrangatur
622 2816 719 2878 sabula
744 2820 850 2886 nostri,

200 2901 328 2963 Consilio
351 2902 466 2961 comitis
488 2903 676 2961 incomitatus
699 2903 779 2962 ades.

158 2985 189 3044 ln
213 2987 281 3046 lano
305 2985 437 3046 Priamus
461 2993 611 3061 exspectat
632 2983 785 3064 Apollinis
809 2987 910 3058 intres,

200 3068 242 3130 lle
264 3068 444 3150 sponsalitiis
465 3067 545 3130 illico
567 3077 666 3131 certus
689 3071 758 3130 eris.

191 3263 193 3268 ’
224 3271 282 3321 410.
300 3270 405 3336 litargo.
424 3273 530 3336 spinae.
598 3274 657 3323 425.
687 3272 798 3322 Horatii
815 3276 857 3322 est
875 3273 956 3338 epist.
974 3273 996 3336 Ι,
1017 3253 1057 3337 18,
1077 3275 1120 3328 71.

155 3338 214 3387 433.
233 3331 282 3386 Or.
302 3337 377 3388 Rem.
401 3341 447 3390 103

225 3403 285 3466 Sed,
306 3406 371 3470 quia
390 3405 511 3456 delectat
529 3407 642 3456 Veneris
662 3407 809 3472 decerpere
829 3407 916 3458 flores.

881 3489 918 3542 gs
