2592 3978
457 199 521 251 Lib.
540 199 578 252 Π.
613 214 639 254 v.
662 200 773 252 m-et.
1058 194 1099 258 41

139 354 274 429 Magnus,
297 350 453 421 facundus,
475 351 609 429 prudens
630 353 830 428 Agamemnon
855 357 885 410 el
907 349 999 424 albus,

62 434 65 440 ’
179 436 293 498 Nobilis
315 442 344 496 el
366 436 450 496 dives
470 434 699 514 pervalidusque
721 435 786 496 luit.
1065 443 1099 492 60

137 522 274 582 Staturae
296 521 413 581 mediae
435 520 587 580 Menelaus
609 517 755 588 amabilis,
778 525 873 597 optus,

179 606 283 673 Rulus,
307 605 456 665 formosus
478 609 508 664 et
530 605 607 665 bene
629 611 732 680 gratus
754 609 827 664 erat.

136 689 286 769 Improbe,
310 687 450 749 mobilior
471 688 553 757 folio,
577 688 708 749 Ledaea!
730 687 843 748 caduco

180 773 246 835 Non
268 780 388 853 poteras
409 781 491 833 tanto
513 774 570 834 lida
594 789 716 833 manere
738 775 811 832 viro.

136 861 252 920 Aeneas
273 857 364 918 rulns'
380 857 512 926 affabilis,
536 875 589 918 oro
610 865 760 926 venustus,

180 943 289 1010 Fortis,
311 941 469 1010 facundus,
493 941 672 1021 consiliique
694 943 782 1009 scius,

136 1028 235 1106 Nigris
257 1024 394 1087 laudatur
416 1024 520 1096 oculis,
543 1027 596 1088 sed
619 1024 759 1086 alacriter
780 1022 840 1084 illis

179 1109 278 1172 Utitur
300 1117 339 1172 ut·
354 1110 466 1178 ridens,
489 1113 536 1171 vir
558 1113 636 1190 pius,
658 1112 719 1170 imo
742 1110 860 1170 decens.

137 1199 270 1258 Antenor
292 1195 408 1272 longus,
431 1194 559 1271 gracilis,
581 1203 728 1262 versutus,
751 1204 856 1255 acutus

180 1281 241 1348 Est,
265 1280 359 1356 agilis,
381 1279 475 1347 velox,
499 1279 638 1356 providus
660 1286 747 1358 atque
770 1278 865 1338 dicsx·

138 1364 199 1426 Ore
221 1371 364 1424 venustus
387 1372 451 1426 erat
473 1371 504 1423 el
524 1371 648 1442 pectore
671 1377 797 1440 magnus
820 1361 949 1422 Achilles

180 1444 328 1511 Strenuus
350 1453 380 1508 el
400 1446 512 1514 hilaris,
537 1447 704 1526 dapsilitate
726 1445 833 1508 libens.

137 1533 269 1612 Myrteus
291 1533 322 1591 in
345 1533 438 1602 crine,
462 1531 600 1600 clemens,
624 1533 790 1592 acerrimus
812 1532 913 1599 armis,

182 1616 314 1694 Crispus,
338 1633 502 1679 amorosus.
525 1615 648 1693 grandia
661 1617 751 1676 'lerre
772 1613 855 1676 levis.

138 1700 266 1782 Dapsilis
289 1706 318 1762 et
340 1701 473 1779 prudens
495 1699 660 1770 Patroclus,
682 1717 810 1778 corpore
831 1697 958 1780 pulcher

181 1785 277 1846 Cordo
298 1785 348 1863 pio
370 1764 471 1864 paee‘rir
494 1787 585 1862 gessit
608 1790 637 1844 et
659 1803 711 1844 one
733 1784 831 1846 tidem.

138 1870 205 1948 lpse
228 1868 445 1946 smaragdineis
467 1867 561 1929 oculis
583 1870 757 1949 magnisque
780 1867 917 1937 decorus,

182 1952 223 2014 Os
244 1954 308 2013 sine
330 1959 430 2014 manle
453 1951 561 2030 loquax
583 1953 715 2014 creditur
738 1969 803 2013 esse
825 1954 917 2013 nelas.

138 2036 243 2098 Clarus
267 2055 347 2110 voce,
371 2036 483 2107 valens,
507 2039 657 2098 formosus
678 2036 781 2098 Oileus
802 2035 884 2116 Ajax,

181 2121 295 2198 Corpus
318 2121 486 2190 deductum,
511 2121 644 2183 membra
666 2123 809 2200 quadrata
831 2121 898 2182 sibi.

138 2203 266 2272 Vooalis,
288 2203 403 2266 validus
424 2208 495 2268 Aiax
518 2205 709 2268 Telamonius
731 2215 824 2274 atrox,

181 2288 323 2366 Simplex,
347 2293 495 2352 caesaries
518 2299 577 2352 lam
601 2293 697 2367 nigra,
720 2292 817 2369 crispa
841 2307 934 2349 corna.

142 2373 206 2435 Non
229 2371 376 2434 formosus
400 2383 463 2435 erat
485 2375 537 2435 sed
561 2382 626 2436 erat
646 2374 799 2436 facundus
815 2371 916 2434 Ulixes

1 2425 3 2481 ἒ
118 2515 123 2526 ,
183 2456 243 2518 Ore
266 2459 387 2538 quidem
410 2458 488 2519 laeto
510 2477 569 2519 non
592 2468 691 2518 tamen
714 2458 828 2537 absque
850 2457 927 2516 dolo.

139 2541 285 2603 Facturae
307 2543 422 2602 mediae
444 2544 500 2603 luit
522 2551 553 2604 et
574 2543 718 2621 sapientia
743 2541 834 2603 mulla

181 2625 286 2686 Cordis
308 2627 351 2694 ei;
374 2645 428 2688 cur
450 2627 508 2687 hoc
530 2628 722 2705 praeteriisse
744 2626 850 2687 veliml

113 2733 115 2736 ·
138 2706 215 2778 Ouid
238 2709 275 2770 de
296 2711 427 2772 formosa
450 2711 544 2772 dicam
569 2710 722 2774 Briseide?
745 2708 880 2790 simplex.

158 2792 302 2865 „Blandae
327 2796 505 2864 verecunda,
529 2796 665 2865 candida,
688 2803 805 2876 compta
828 2795 892 2855 fuit.

138 2877 244 2938 iuncta
269 2879 436 2956 supercilia,
460 2879 565 2940 molles
585 2879 737 2958 flavosque
760 2878 884 2958 capillos

181 2961 297 3039 Corpus
319 2970 348 3023 el
370 2965 504 3043 aequale,
527 2964 638 3024 lumina
661 2960 739 3024 clara
762 2961 867 3042 probo.
1068 2968 1102 3017 90

138 3044 306 3106 Debueram
329 3050 475 3126 posuisse.
499 3049 579 3125 quod
602 3047 677 3108 haec
698 3046 823 3108 ollahilis
844 3053 924 3107 esset

208 3283 250 3332 m.
270 3281 336 3332 Cod.
354 3283 442 3334 volox.
513 3285 555 3336 ld.
572 3283 671 3334 Dares.
691 3281 792 3350 capillo
810 3285 926 3344 myrteo.
945 3281 1036 3330 Iscnn.
1053 3277 1102 3341 1v,

138 3350 188 3402 111,
215 3363 294 3400 consa
319 3351 454 3415 myrtheus.
489 3351 621 3402 Fortasse
643 3354 705 3401 erat
732 3350 809 3401 color
834 3349 976 3414 nigricans
1001 3350 1032 3396 ut
1058 3360 1103 3410 ap.

136 3416 255 3469 Philost.
284 3417 352 3472 Her.
382 3417 419 3472 ΙΙ.
450 3418 475 3478 5.
493 3420 527 3469 20
554 3435 580 3484 p.
599 3420 649 3470 690
675 3422 731 3469 not.
760 3420 784 3468 6.
805 3419 846 3468 13.
878 3415 934 3480 (ed.
962 3410 1102 3474 Olearins)

136 3474 298 3551 ὖακινθίνη
315 3476 399 3552 κόμη.
469 3487 510 3536 78.
529 3485 650 3536 creditur
666 3501 717 3550 pro
735 3484 839 3536 codicis
858 3483 972 3534 ceditur.
