2590 3984
421 133 482 183 Lib.
502 134 548 185 IV.
578 150 603 188 v.
622 135 765 186 roo-788.

196 286 252 347 Dat
275 286 387 346 varium
410 286 518 364 pannis
540 289 753 347 convenienter
776 303 860 366 opus.

156 371 235 432 Zona
258 373 369 450 premit
390 369 483 430 latera
506 369 543 429 de
565 369 653 449 bysso
676 378 755 431 texta
777 379 901 442 retorta,

198 455 320 516 Gemma
343 453 495 531 stelliparo
518 451 636 532 fulgure
659 455 747 516 dante
767 452 866 533 jubar.

154 538 284 603 Alternis
307 537 419 599 vicibus
442 539 557 615 argenti
580 538 660 599 sidus
684 547 713 600 et
735 541 799 600 auri

196 624 251 684 llic
274 624 356 693 nitet,
380 641 449 682 ansa
472 631 571 683 tamen
594 641 683 684 aurea
705 631 768 684 tota
789 623 886 684 rubet.
1070 631 1120 681 777
1176 695 1177 698 ¹

154 707 279 770 Brachia
301 706 453 767 luxuriant
475 705 607 776 armillis,
632 707 740 768 lamina
764 709 856 768 nectit

199 793 322 870 Argenti
345 793 487 860 manicas,
512 798 544 851 ut
567 789 644 852 bene
663 795 789 870 stringat
811 809 871 853 eas.

155 879 211 939 Ars
234 884 263 936 et
284 876 407 938 materia
430 882 547 938 certant
569 876 601 935 in
623 885 705 937 veste
728 895 845 947 serena,
1052 919 1056 956 y

199 960 295 1032 Quam
318 959 424 1021 dicunt
446 957 631 1038 chlamydem
654 962 701 1021 vix
724 959 814 1022 habet
835 960 885 1021 illa
907 923 1058 1040 parem;x

155 1045 307 1108 Materiam
331 1046 430 1104 vincat
452 1062 526 1124 opus
549 1063 586 1104 an
609 1046 743 1106 vincatur
766 1045 803 1105 ab
825 1043 884 1116 illa,
1070 1051 1119 1102 775

198 1127 311 1190 iudicio
335 1137 452 1206 poterat
474 1145 561 1188 uerno
585 1127 712 1208 probare
736 1126 802 1190 levi.

156 1213 301 1275 Nobilitas
322 1213 430 1291 digitos
453 1213 601 1273 rutilantis
623 1214 749 1274 circinat
771 1211 846 1283 a'uri,

197 1296 349 1376 Multiplici
369 1296 475 1375 jubare
498 1313 613 1375 gemma
634 1297 771 1378 superbit
792 1298 845 1359 ibi.

157 1382 258 1443 Indice
281 1389 436 1443 contentus
459 1383 551 1458 ignita
574 1380 640 1442 luce
662 1399 795 1461 pyropus

197 1465 327 1526 duride
349 1465 447 1526 medio
471 1464 542 1527 solis
564 1466 600 1526 ad
623 1468 717 1527 instar
739 1473 815 1527 ovat.

156 1549 275 1630 Sopbiri
297 1550 412 1629 species
435 1549 534 1627 digitis
556 1551 709 1630 aptissima
731 1568 834 1628 regum

199 1633 292 1695 Ornat
314 1636 514 1695 amazonicam
539 1633 606 1695 luce
629 1637 756 1694 micante
779 1652 909 1698 manum.

155 1717 297 1796 Fulgidus
320 1717 423 1779 obrizo
446 1717 647 1780 carbunculus
670 1718 754 1779 ardet
775 1719 807 1778 iu
829 1736 911 1790 auro,

199 1803 345 1882 Glaraque
367 1801 487 1863 solilero
510 1810 649 1881 provocat
671 1810 748 1863 astra
772 1820 854 1880 rogo.

157 1888 253 1966 iaspis
276 1889 308 1946 in
332 1895 455 1963 argento
477 1889 564 1957 viret,
588 1886 698 1948 undam
723 1887 874 1965 sauguinis
896 1904 1011 1956 arcens,
1070 1892 1120 1942 tto

68 1973 69 1980 ’
199 1972 253 2032 Η17
276 1970 347 2031 latet
369 1973 400 2032 in
424 1971 510 2031 viridi
533 1989 606 2032 zona
630 1972 730 2032 colore
752 1970 874 2032 rubens.

157 2057 252 2119 Omne
275 2056 352 2134 perit
374 2056 467 2116 viride
489 2056 578 2117 viridi
600 2054 716 2134 fulgore
739 2056 921 2134 smaragdus,

200 2141 256 2201 Hic
279 2141 354 2200 viret
376 2147 406 2199 et
427 2139 516 2199 viridi
539 2141 651 2201 lumina
674 2139 740 2201 luce
763 2143 867 2209 luvet..

158 2225 212 2285 Hic
235 2223 353 2284 adamas
377 2222 500 2303 chalybe
522 2222 644 2302 glaucus
666 2223 703 2284 de
726 2226 869 2302 sauguine
892 2225 986 2285 solum

200 2307 329 2369 Solvitur
351 2307 478 2376 hircino,
502 2308 533 2368 tit
554 2307 644 2368 bomo
666 2326 790 2388 prosper
814 2327 857 2368 eo.
1071 2315 1120 2364 780

157 2391 330 2454 Pendebant
351 2391 444 2453 nitido
467 2391 571 2453 diliusa
594 2391 714 2454 monilia
738 2391 825 2463 collo,

201 2476 339 2537 Gemmas
361 2477 497 2555 inspicio.
522 2493 577 2536 noc
599 2494 758 2538 numerare
780 2495 866 2556 queo.

158 2562 267 2623 Pectus
290 2564 370 2623 euim
392 2562 519 2639 gemmis
534 2562 626 2639 „quasi
649 2561 745 2623 celum
769 2561 900 2639 fulgurat
922 2562 1019 2630 astris,

201 2645 261 2706 1177
283 2646 434 2708 radicante
458 2644 511 2706 sed
532 2645 589 2705 bac
611 2645 818 2724 praeradiante
840 2646 944 2724 magis.

159 2729 272 2792 Clarior
295 2738 427 2808 argento,
450 2730 531 2791 lulvo
553 2734 744 2810 conspectior
766 2748 838 2791 auro
1071 2739 1120 2787 785

200 2812 336 2876 Fulmiue
357 2813 498 2892 gemmali
520 2813 608 2874 fibula
631 2813 689 2875 lata
712 2815 810 2876 micat.

158 2898 284 2969 Quaeris
306 2905 406 2958 utrum
430 2899 554 2960 rutilans
576 2900 614 2958 sit
635 2899 712 2958 sorte
735 2900 869 2977 topazius
891 2898 975 2959 hicce

202 2982 339 3060 Tangeris
362 2981 443 3045 77177
466 2983 576 3062 polum,
601 2984 712 3044 vertice
735 3002 805 3044 vero
827 2984 934 3044 solum.

227 3153 283 3206 773.
303 3150 427 3201 Grralter.
444 3151 522 3203 Alex.
542 3151 563 3212 11
582 3152 631 3201 236

259 3220 382 3270 Lucidus
401 3218 494 3270 obrizo
513 3217 628 3268 cunulis
646 3217 763 3268 circulus
782 3232 858 3272 auro.

158 3289 216 3338 779.
235 3286 296 3337 cod.
317 3286 438 3336 elaueur.
508 3286 566 3336 780.
584 3299 686 3350 margo.
699 3301 737 3336 se.
751 3285 904 3339 adamante.
976 3287 1033 3338 781,
1050 3286 1122 3352 Virg.

158 3355 226 3405 Aen.
245 3354 306 3417 v11,
326 3356 386 3404 278·

259 3425 351 3473 Aurea
369 3421 529 3487 pectoribus
548 3421 667 3471 demissa
685 3420 798 3472 monilia
816 3420 948 3486 pendent.
