2592 3978
521 172 688 248 Praefatio..
1037 215 1103 262 xm

181 352 216 418 V,
233 345 304 412 708.
322 346 351 410 9.
375 349 418 410 Re
441 352 467 410 si
491 368 559 418 rron,
584 367 674 428 opere
690 349 754 410 volo
770 368 820 411 vos
836 369 986 431 operaque
1000 349 1103 429 jurare

411 433 495 495 Etsi
518 443 578 493 non
600 451 655 512 per
678 453 765 512 opem
789 435 833 495 vel
855 453 909 514 per
933 453 1022 514 opus,
1045 453 1103 513 per

629 535 710 596 opes.

196 606 226 672 V,
245 593 346 663 1007.
370 601 507 680 Degener
522 620 563 670 es,
583 603 608 660 si
624 603 788 679 degeneres
804 623 820 664 a
836 621 920 663 more
935 612 1101 681 parentum.

181 688 228 758 Vl,
269 683 342 748 284.
365 686 494 754 Feceris,
517 685 619 746 infelix
642 694 671 746 et
693 686 777 748 cibus
799 689 878 764 ignis
901 691 970 748 eris.

221 770 311 832 Plura
334 770 506 850 hujusmodi
534 770 668 849 exempla
690 771 798 832 afferre
821 789 881 832 non
904 781 950 832 est
971 770 1101 840 difficile,

136 857 188 918 sed
213 857 288 922 haec
309 855 467 916 sufficient.

223 941 435 1017 Heusingerus,
460 941 562 1018 etqui
585 955 652 999 eurn
676 941 771 999 secuti
787 946 857 1000 sunt
873 939 1102 1007 Wernsdorfius,

135 1024 275 1093 libertus,
293 1023 566 1094 schoenemannus,
583 1022 825 1102 Lappenbergius
846 1024 987 1084 carminis
1001 1025 1103 1084 facun-

137 1109 217 1169 diam
241 1115 271 1169 et
293 1105 469 1185 elegantiam
485 1107 690 1169 laudaverunt.
723 1105 841 1167 llefellit
855 1125 906 1168 eos
920 1125 1103 1187 permagnus

136 1209 278 1252 versuum
301 1210 317 1250 e
334 1193 475 1251 Romanis
491 1193 589 1271 poetis
604 1191 828 1270 depromtorum
845 1210 997 1261 numerus,
1013 1211 1103 1273 quem

137 1284 242 1336 noster
264 1275 403 1336 albertus
425 1295 487 1336 non
508 1276 573 1336 sine
595 1277 736 1336 suauitate
758 1275 886 1355 quadam
909 1277 1033 1337 carmini
1049 1295 1103 1336 suo

134 1361 272 1420 intexuit.
317 1358 474 1437 Virgilius,
504 1359 640 1428 Ovidius,
669 1359 792 1428 Statius,
822 1357 1015 1430 Claudianus,
1045 1359 1101 1420 Lu·

136 1463 240 1513 canus,
264 1445 401 1512 livianus,
424 1444 620 1504 Maximianus
643 1442 896 1523 (Pseudo-Gallus)
920 1443 1100 1522 Pamphilus

135 1533 309 1608 Anonymus
330 1526 478 1597 Nerelcti,
501 1528 645 1589 Pindarus
667 1526 827 1588 Tlrebanus
851 1529 875 1603 (a
899 1526 987 1588 nobis
1001 1527 1101 1607 Epito-

136 1622 233 1672 mator
266 1611 409 1690 signatus)
449 1615 539 1671 immo
568 1607 720 1689 benignus
747 1611 959 1680 floriacensis,
993 1611 1102 1673 Alanus

25 1722 33 1744 ·
137 1693 414 1773 (anticlaudianus),
445 1695 633 1756 Hildebertus
661 1692 709 1772 (de
732 1695 846 1756 excidio
869 1694 985 1775 Trojae)
1009 1713 1102 1776 aeque

136 1797 171 1840 ac
201 1778 335 1841 Gnalteri
372 1779 408 1839 ab
436 1778 543 1840 lusulis
569 1779 763 1840 alexandreis
798 1778 884 1858 (quae
916 1778 1004 1858 paulo
1033 1790 1101 1841 ante

135 1863 215 1924 edita
239 1865 312 1941 erat)
336 1881 391 1943 pro
414 1881 466 1924 sua
489 1865 614 1944 quisque
636 1872 720 1940 parte
740 1865 911 1933 effecerunt,
934 1870 966 1923 ut
981 1880 1100 1926 carmen

136 1949 300 2026 elegantius
330 1956 359 2008 et
381 1946 419 2008 ob
442 1951 607 2009 sententias
634 1951 831 2024 interspersas
854 1949 1010 2008 nervosius
1031 1968 1100 2028 pro·

135 2031 264 2094 cederet.
307 2031 372 2091 Non
395 2040 551 2092 centonem
576 2032 695 2108 quidem
719 2033 838 2111 scripsit
852 2031 990 2093 eilbertus
1013 2051 1030 2092 e
1052 2051 1101 2092 va-

134 2118 190 2177 riis
213 2123 242 2176 et
263 2115 389 2176 diversis
411 2115 595 2176 carminibus
618 2124 647 2176 et
662 2117 826 2176 carminum
842 2117 1015 2193 fragmentis
1030 2135 1100 2177 con·

135 2206 246 2269 sutum,
269 2199 320 2260 sed
344 2200 509 2278 permultos
533 2218 643 2270 versus,
666 2203 718 2280 qui
740 2204 768 2262 ei
783 2207 902 2278 praesto
918 2210 1011 2268 erant,
1036 2219 1100 2261 car·

135 2285 212 2345 mini
234 2285 371 2344 inseruit.
405 2284 581 2365 Quanquam
604 2287 752 2345 Ausonius
773 2285 809 2344 ad
833 2285 960 2345 amioum
976 2282 1100 2344 Paulum

136 2368 174 2426 de
201 2369 260 2428 isto
288 2369 428 2428 carminis
451 2368 625 2445 perficiendi
649 2369 736 2429 modo
757 2367 884 2447 judicat:
913 2387 1002 2438 „nam
1027 2368 1101 2429 duos

132 2449 262 2530 junctim
282 2447 382 2513 locare
405 2470 522 2521 versus,
546 2455 679 2531 ineptum
704 2460 763 2512 est:
798 2459 829 2512 et
849 2460 911 2512 tres
932 2469 991 2512 uua
1013 2455 1099 2522 serie,

135 2531 236 2595 mer'ae
258 2544 385 2615 nugae‘',
414 2540 445 2596 in
469 2536 695 2598 admirationem
718 2543 816 2597 tamen
836 2537 970 2616 rapimur
993 2536 1031 2597 ob
1055 2540 1100 2597 in·

137 2619 310 2681 credibilem
348 2624 444 2682 nostri
481 2620 572 2682 multa
608 2621 639 2680 in
671 2620 800 2681 lectione
830 2623 938 2682 versati
972 2623 1101 2682 auctoris

137 2705 322 2773 memoriam,
346 2706 397 2784 qui
412 2704 552 2785 quicquid
567 2704 624 2766 sibi
640 2722 715 2782 opus
726 2714 800 2780 erat,
816 2723 852 2764 ex
867 2705 992 2766 dirersis
1003 2709 1101 2784 poetis

135 2796 254 2867 praesto
289 2789 407 2849 videtur
440 2787 589 2850 habuisse.
639 2787 790 2851 Plurimos
820 2805 924 2850 versus
955 2792 1098 2857 eruimus,

135 2871 385 2953 adposuimusque
417 2872 513 2943 locos,
548 2871 657 2952 quibus
689 2873 817 2934 desumti
848 2882 932 2944 sunt,
955 2873 1018 2934 alii
1046 2891 1101 2934 nos

135 2955 270 3016 fortassis
293 2956 473 3035 effugerunt;
502 2958 560 3027 alii,
584 2975 660 3038 quos
681 2957 732 3019 hic
754 2975 980 3027 enumeramus,
1012 2959 1098 3018 ctiam

135 3041 276 3100 -forte
305 3059 364 3100 non
392 3041 496 3102 iisdem
524 3041 622 3104 uerbis
645 3053 675 3103 et
696 3060 755 3102 non
777 3043 886 3120 integri
908 3076 950 3088 —
972 3042 1002 3102 in
1024 3044 1098 3102 anti·

135 3125 201 3202 quis
223 3125 318 3202 poetis
340 3124 433 3186 latere
455 3129 654 3205 suspicamur.

218 3207 371 3287 Ejusmodi
394 3218 479 3270 sunt:

219 3291 284 3352 Lib.
301 3293 323 3352 l.
346 3311 391 3353 vv.
407 3291 479 3355 223.
496 3290 569 3355 301.
584 3290 657 3354 312.
674 3290 745 3355 313.
760 3290 833 3355 323.
848 3289 920 3354 324.
936 3290 1009 3355 357.
1026 3290 1098 3356 358.

132 3372 290 3436 411-16.
314 3373 471 3439 419-28.
494 3375 567 3439 459.
591 3374 644 3439 60.
666 3375 739 3440 465.
761 3374 833 3439 466.
848 3375 921 3439 471.
937 3375 1010 3438 472.
1025 3375 1099 3440 475.

132 3456 206 3520 476.
228 3457 301 3521 504.
325 3458 396 3522 507.
413 3458 485 3524 508.
500 3458 572 3523 511,
588 3458 660 3523 512.
674 3459 747 3527 609.
763 3459 834 3538 675.
851 3460 923 3524 680.
940 3459 1097 3524 682-85.

1270 3683 1272 3748 l
