2592 3978
445 185 506 240 Lib.
523 185 546 236 1.
581 199 608 238 v.
626 185 769 238 ott-403.
1049 183 1092 247 23

169 365 314 433 QUIDAM
332 364 511 431 SUADENT,
530 361 675 430 QUIDAM
692 365 771 420 NON
788 365 1046 421 trun—Panium.
1110 347 1113 352 Ι

125 471 296 552 Deiphobus
318 470 434 550 pridem
457 470 668 531 commentlans
690 473 800 550 inquit:
825 471 859 530 ad
882 473 936 531 ista

169 557 313 618 Effectum
336 555 434 615 Paridi
457 553 580 615 consulo
602 562 667 614 vota
691 555 766 616 dari.

127 642 192 720 lpse
214 641 252 701 sit
274 641 304 700 in
328 656 414 700 cause
440 639 592 710 vexillifer,
616 641 682 718 ipse
705 641 845 717 magister

171 725 292 795 Causae,
316 724 386 784 deul
407 742 537 803 operam,
561 741 635 800 quos
658 733 752 793 vocat,
777 723 854 784 hano
869 731 899 784 et
914 742 1012 804 opern.
1040 731 1092 782 380

130 808 195 870 Non
216 808 315 886 plaoet
335 807 409 868 haec
431 807 544 867 Heleno
568 811 732 884 sententia:
756 826 805 867 res
827 827 862 869 ea
885 826 985 869 secum

173 892 204 953 Si
225 902 396 970 peragatur,
421 893 470 959 ait,
494 893 622 953 maxima
645 892 752 952 damna
774 892 874 953 trabit.

126 976 161 1036 Si
182 974 265 1039 Paris
287 995 323 1037 ex
346 976 467 1038 Graecis
489 994 613 1038 uxorem
637 977 755 1037 duxerit
777 978 848 1046 oris,

171 1059 325 1121 Excidium
347 1059 454 1122 Troiae
478 1061 566 1122 duoel
589 1068 618 1122 et
639 1079 726 1122 omne
749 1062 869 1123 malum.

128 1144 241 1206 Graeca
265 1163 368 1206 manus
391 1153 451 1205 tota
475 1152 542 1205 ruet
562 1147 594 1204 iu
617 1142 785 1224 Phrygiam,
809 1147 866 1205 nisi
888 1144 966 1206 tritis
1043 1155 1093 1206 385

171 1228 315 1290 Omnibus
337 1229 372 1288 ad
396 1239 492 1290 terras
513 1229 674 1291 irreditura
697 1247 778 1290 suas.

126 1313 166 1372 nt
187 1311 307 1374 Troilus
328 1320 397 1374 natu
421 1314 575 1384 minimum
598 1331 659 1373 non
681 1313 793 1374 viribus
816 1315 922 1391 impar,

163 1397 270 1457 Mente
290 1415 346 1457 neo
367 1399 492 1459 inlerior
513 1397 641 1458 Hectore
664 1399 743 1458 latur
765 1399 819 1459 ita:

129 1482 222 1542 Detur
245 1480 411 1542 Alexandro
433 1481 505 1547 laus.
531 1481 618 1542 detur
642 1480 803 1560 Deiphobo,
827 1485 878 1561 qui

171 1565 289 1626 Laudes
312 1567 431 1644 ingenio
453 1584 650 1645 promeruere*
669 1585 733 1631 suo.
1044 1575 1095 1624 390

130 1650 215 1711 Unus
236 1648 273 1709 ad
296 1649 353 1710 hoo
375 1649 484 1710 bellum
507 1669 539 1711 se
562 1650 696 1728 praebet,
720 1657 749 1711 et
772 1649 917 1730 approbat
939 1649 1025 1721 alter,

172 1733 238 1794 Non
262 1741 344 1794 earet
365 1734 473 1795 ellectu
497 1735 576 1813 quod
598 1735 721 1796 voluere
743 1734 812 1796 duo.

129 1817 194 1878 Non
218 1817 307 1878 debet
328 1835 377 1879 res
398 1822 429 1879 in
452 1818 557 1880 Heleni
579 1817 745 1880 subsistere
767 1819 869 1888 verbo,

171 1901 317 1972 Deterret,
341 1921 430 1980 saepe
452 1910 551 1963 terror
573 1902 686 1965 bonore
710 1911 800 1964 earet.

128 1985 298 2062 Degeneres
321 1987 472 2063 trepidant
494 1988 583 2051 enimi
606 1987 766 2066 pejoraque
790 1995 917 2056 versant,
1045 1996 1095 2045 395

172 2069 227 2130 Dat
250 2088 331 2131 mare
354 2089 442 2150 saepe
465 2080 570 2140 metus,
594 2069 674 2133 nulla
697 2071 809 2152 pericla
832 2081 941 2134 tamen.

129 2153 295 2231 Desperare
320 2162 414 2225 nocet,
439 2154 560 2217 dubium
585 2156 702 2217 dimitte
724 2159 876 2217 timorem:

173 2237 268 2320 Saepe
290 2238 360 2299 lacit
381 2242 474 2300 metui
496 2257 555 2300 non
578 2241 735 2301 metuenda
758 2247 863 2302 metus.

130 2321 170 2382 Ut
191 2320 282 2382 verbo
305 2329 384 2384 slent
406 2323 497 2384 multa
519 2323 612 2394 brevi,
636 2327 727 2384 timor
750 2326 815 2402 ipse
839 2323 984 2383 malorum

174 2405 269 2486 Saepe
290 2424 489 2486 supervacuos
511 2410 591 2486 cogit
613 2407 724 2468 habere
748 2416 853 2468 metus.
1042 2415 1096 2465 400

127 2490 347 2568 Aggrediomur
369 2510 454 2571 opus,
479 2491 551 2551 nihil
575 2491 802 2570 impenetrabile
824 2492 909 2559 lorti;

174 2574 325 2636 Audentes
347 2577 473 2654 legimus
497 2577 574 2654 quod
598 2579 679 2636 iuvat
701 2579 764 2655 ipse
787 2576 869 2636 deus.

75 2687 80 2694 ·
129 2657 278 2719 Classibus
301 2667 334 2720 ut
355 2661 443 2722 faotis
466 2661 602 2740 pulsetur
624 2661 756 2730 Graecia,
781 2661 887 2720 manda

129 2792 332 2802 —-.-—.-.

196 2860 256 2911 300.
276 2859 351 2914 dent,
420 2861 479 2912 384.
497 2878 512 2910 e
531 2863 654 2926 margine
673 2875 721 2925 pro
741 2860 867 2926 ‚‚trone“.
936 2863 995 2912 392.
1015 2861 1096 2911 Ovid.

126 2925 220 2981 Amor.
236 2926 275 2990 11,
293 2929 317 2991 3,
338 2928 377 2978 16.
429 2929 488 2984 305.
501 2929 604 2978 Lu'oen.
623 2927 721 2979 Pharo,
739 2927 786 2988 IV,
806 2930 839 2978 00
857 2933 910 2993 est,
928 2944 961 2978 ex
980 2944 1033 2993 quo
1050 2944 1097 2993 po·

122 2988 1058 3114 sums}’ltssuttitlt¹tt¹llttt·n³⁹lrl⁸ltl¹l¹tol¹u
1072 2997 1096 3046 θ’

181 3101 187 3114 ’
241 3078 498 3195 despebare’nooeb,
516 3080 610 3181 eblum
628 3101 707 3182 labor
724 3079 865 3196 imprbbus
882 3100 991 3196 implet?
1027 3105 1033 3117 ¹

122 3195 187 3246 308.
206 3194 295 3246 Anon.
314 3197 411 3248 Nevel.
428 3212 454 3261 p.
473 3199 532 3248 506.
549 3197 600 3247 lin.
617 3200 633 3248 'l
652 3198 687 3248 ab
706 3198 788 3250 infra.
879 3200 937 3249 300.
954 3200 1013 3249 400.
1031 3199 1097 3249 Ovi·

123 3260 398 3393 giirbunbnexeb⁰nt'
419 3265 456 3327 11,
475 3267 500 3328 7,
519 3266 543 3316 b.
557 3266 583 3318 6.
634 3267 692 3321 401,
711 3265 791 3316 Alan.
809 3264 967 3317 Antiolaud.
985 3266 1046 3315 Lib.
1058 3266 1097 3332 11,

258 3399 458 3463 Aggrediomur
476 3415 558 3464 opus:
578 3399 675 3450 melior
693 3369 806 3452 fortuna
825 3397 966 3466 sequetur.

123 3463 186 3514 402.
202 3464 281 3530 Virg.
300 3465 370 3517 Aen.
390 3469 425 3530 X,
442 3469 503 3520 284.
