2590 3984
19 3453 24 3516 l

431 137 493 190 Lis.
516 139 625 214 1v4v.
643 141 786 192 ees-na.
907 147 915 166 ‘
1030 138 1091 204 125

124 293 175 354 Sic
199 302 297 356 tamen
319 289 445 356 interius
467 299 500 352 ut
522 293 561 351 sit
582 291 746 353 substantia
771 291 869 353 mollis

168 378 308 441 Exterius
330 376 440 438 macies
463 393 570 436 carnea
593 374 717 454 pulchra
740 377 838 437 nimis.

128 460 259 526 Exornat
280 463 397 540 digitos,
422 460 522 539 digitis
544 462 570 522 si
593 460 693 522 forsan
716 460 864 531 inhaeres,
1041 471 1091 521 005

166 549 260 610 Linea
284 546 406 615 directa,
429 544 533 616 lactea,
556 545 653 624 longa,
676 552 765 606 teres.
795 563 799 570 ·

127 629 204 695 Huic
226 631 326 709 digitis
349 631 453 709 digitos
475 630 641 700 reflectere,
665 632 725 691 sive
747 629 872 691 reducto

167 716 280 778 Pollice
302 713 486 777 brachiolum
509 723 631 793 tangere
654 716 745 775 moris
767 725 846 784 erat;

125 802 188 863 Nec
211 803 318 862 minuit
340 798 443 860 laudes
465 798 545 879 quod
567 807 637 860 sunt
659 801 723 860 sine
746 797 883 859 sordibus
905 815 1027 877 ungues,

169 886 250 957 Quos
272 900 387 962 nequeo
410 882 512 961 longos
536 882 580 943 vel
603 894 745 963 reputare
769 882 883 944 breves.
1041 893 1092 943 700

127 968 223 1032 Poma
245 967 442 1030 mamillarum
465 968 581 1029 modico
603 985 746 1045 suspensa
768 975 887 1028 tumore

168 1054 342 1115 Producens
365 1051 465 1131 prodit
486 1060 600 1132 pectus,
624 1055 722 1132 imago
745 1053 828 1112 nivis.

125 1138 213 1201 Nulla
236 1136 359 1199 mollitio
383 1136 553 1216 dependent
575 1137 677 1206 lracta,
701 1137 751 1198 sed
775 1136 838 1215 ipsa

170 1223 286 1284 Duritie
308 1225 381 1282 casti
404 1223 487 1298 signa
510 1221 633 1298 pudoris
655 1221 780 1288 habent:

127 1309 282 1384 virgineas
304 1313 383 1366 stare
407 1303 506 1365 videas
529 1307 668 1383 utrinque
691 1303 815 1385 papillas

171 1393 208 1453 Et
230 1390 319 1452 veluti
341 1405 474 1467 gemmas
495 1389 646 1450 irrutilare
669 1388 754 1450 duas.

131 1476 226 1548 Quum
250 1475 368 1535 dederit
389 1481 495 1535 natura
517 1473 600 1542 duas,
624 1491 671 1534 ars
694 1473 843 1534 demserat
864 1488 964 1542 unam,

171 1561 230 1620 lret
252 1567 284 1619 ut
306 1558 342 1620 ad
366 1557 496 1636 gladium
519 1557 613 1618 libera
636 1558 738 1618 dextra
762 1573 877 1617 manus.

130 1645 195 1706 Non
218 1649 299 1723 patet
321 1645 411 1703 immo
434 1644 506 1704 latet
527 1645 647 1702 niveum
671 1641 758 1714 latus,
777 1640 828 1702 ille
852 1639 957 1718 pugilli

171 1725 464 1806 Circumscriptibilis
487 1732 532 1788 est
554 1726 698 1788 brevitate
721 1726 814 1787 locus.
1043 1733 1094 1783 710

128 1813 193 1874 Non
217 1830 248 1887 se
271 1810 422 1882 distendit,
447 1829 502 1872 nec
526 1812 659 1872 enimse
683 1809 831 1873 contrahit
852 1807 943 1879 alvus,

172 1895 294 1957 Mollitie
317 1895 429 1956 tumida
451 1895 503 1956 sed
527 1894 604 1955 hene
626 1897 690 1956 lusa
712 1894 805 1956 sedet.

129 1981 173 2043 nd
197 1989 313 2059 tergum
337 1987 484 2041 vertamus
506 1981 571 2059 iter,
595 1982 679 2058 quasi
702 1981 787 2059 pinea
811 1978 905 2038 malus

172 2065 245 2133 Stat,
268 2064 345 2125 hene
367 2064 502 2125 mamhra
524 2064 582 2125 sibl
605 2065 774 2126 continuata
797 2070 913 2124 tenens.

130 2148 233 2212 Partes
255 2147 387 2209 occultas
409 2167 469 2209 non
492 2157 536 2209 est
558 2149 679 2208 laudare
700 2166 832 2216 necesse,
1043 2153 1093 2204 ‘115

172 2233 273 2294 Penna
297 2234 425 2293 nativam
448 2251 504 2293 nec
527 2250 664 2294 reserare
688 2251 797 2294 seram.

138 2319 261 2379 Caetera
283 2335 359 2396 quae
382 2315 500 2378 laudem
523 2317 652 2393 pariunt,
676 2317 829 2378 reticendo
851 2316 1027 2394 loquuntur,

178 2400 215 2461 Et
236 2401 390 2462 recitando
412 2410 512 2462 tacent
534 2400 607 2462 haec
631 2402 698 2480 qula
721 2400 807 2460 laude
832 2403 939 2478 vigent.

137 2485 240 2564 Aptius
262 2484 335 2546 haec
358 2487 454 2546 anima
478 2488 589 2563 poterit
611 2503 699 2563 qnam
721 2484 821 2562 lingua
844 2486 940 2555 lateri,

176 2569 242 2629 Non
266 2568 351 2630 decet
373 2569 523 2629 interdum
546 2567 660 2646 singula
683 2569 773 2630 verba
795 2569 885 2650 loqui.
1046 2582 1096 2632 700

133 2652 264 2714 Candida
288 2671 321 2713 se
343 2653 483 2731 gracilem
508 2653 659 2731 protendit
680 2653 762 2722 tibia,
786 2656 862 2714 raris

172 2741 195 2797 A
218 2738 349 2798 latitante
373 2755 451 2816 genn
474 2738 616 2822 carnibus
638 2757 703 2800 ossa
727 2748 847 2816 tegens;

132 2875 334 2884 ——-—-—-

201 2941 259 2990 699.
279 2940 329 2990 Ov.
346 2940 398 2990 Ars
416 2940 438 3001 Ι,
457 2941 507 2990 019
541 2971 574 2980 -
592 2965 624 2975 -
643 2944 670 2989 et
688 2942 743 2991 sint
762 2940 822 2991 sine
841 2941 967 2993 sordibus
984 2957 1089 3008 ungues

131 3008 191 3058 tot,
208 3005 312 3056 Alanus
331 3005 488 3059 Anticlaud.
508 3005 700 3072 lib.1.p.¹1l.
720 3007 769 3058 lin.
789 3009 813 3064 6,
883 3011 939 3066 702,
958 3013 984 3062 3.
1013 3010 1094 3061 Alan.

131 3074 197 3124 ibid.
215 3074 263 3124 liu.
281 3077 305 3124 8.
325 3076 349 3124 9.
367 3075 415 3123 ubi
434 3079 526 3123 tamen
544 3072 657 3124 ultimus
675 3090 771 3125 versus

199 3137 307 3191 Duritia
325 3142 430 3208 proprii
448 3141 605 3191 describunt
624 3143 705 3207 signa
722 3143 841 3209 pudoris.

130 3226 189 3341 ³⁵16.
218 3239 341 3276 reserare
359 3242 408 3292 pro
428 3225 486 3277 cod.
506 3226 633 3277 refecere.
738 3229 794 3278 717.
824 3228 902 3279 Α100.
926 3229 944 3278 l.
965 3245 989 3280 0.
1008 3245 1034 3293 p.
1056 3231 1096 3281 11.

143 3308 179 3342 m·
199 3294 298 3410 &stell
318 3362 380 3426 quis
398 3363 488 3412 nescit
506 3361 618 3411 meliora
636 3361 721 3412 latere
740 3363 791 3412 sub
809 3363 871 3414 istis

200 3428 319 3490 Quorum
339 3429 398 3479 sola
416 3434 516 3493 gerunt
534 3428 637 3493 placidi
655 3429 802 3495 praeludia
819 3431 921 3483 vultus.
