2590 3984
435 183 496 233 Lib.
514 182 565 233 111.
601 197 627 237 1.
647 184 789 238 trs—510.

172 335 246 399 Vilia
269 337 433 396 contemnit
456 341 484 394 et
506 335 639 414 preciosa
662 333 750 395 subit.

126 422 231 482 Vicisti
255 420 364 490 multos
387 417 495 497 etjam
520 419 646 478 vinceris
669 418 705 478 ab
730 437 788 478 uuo

66 555 70 562 .
172 507 220 566 Sic
244 511 363 566 versant
386 503 505 564 dubiam
528 501 634 562 frivola
658 504 715 562 lata
739 514 844 563 rotam.
1048 512 1103 562 480

265 650 326 718 Hic
344 648 493 704 Hucuott
511 647 708 704 ocututuuu
725 649 774 703 AB
793 648 961 704 ACHILLE.

127 756 311 822 ¹Priamidem
334 754 414 816 dolet
435 755 587 835 Aeacides,
610 762 653 815 tot
675 763 811 816 sternere
835 755 960 833 Grajtim

174 843 309 920 Agmina,
332 848 434 918 totque
458 839 565 900 ducum
588 839 716 918 perdere
738 848 842 919 pensat
865 858 943 900 eum.

127 927 318 1009 Appropians
339 924 430 1002 igitur
452 923 567 986 hastam
591 927 735 984 contorsit
757 927 787 984 iu
811 925 937 995 hostem,
1027 973 1028 982 ,

173 1011 308 1073 Occursu
332 1009 428 1089 clypei
451 1005 537 1068 miles
560 1006 660 1086 abegit
683 1025 759 1069 eam.

130 1097 195 1160 Non
218 1096 339 1173 impune
361 1100 460 1152 tamen
484 1092 639 1154 descendit
661 1093 763 1152 lancea
786 1092 910 1160 Graeca,
1046 1100 1101 1150 485

172 1177 299 1258 Troiana
322 1195 391 1237 mox
415 1185 460 1236 est
481 1175 530 1237 illa
553 1179 677 1238 remissa
700 1194 799 1237 manu.

130 1265 268 1328 Hectoris
289 1263 320 1322 iu
343 1261 456 1339 galeam
480 1278 652 1322 mucronem
675 1262 765 1322 mittit
787 1259 926 1330 Achilles,

173 1348 224 1409 llla
247 1344 380 1406 sonando
403 1354 515 1423 crepat,
540 1362 601 1406 non
624 1344 696 1406 levis
717 1347 795 1406 ictus
819 1355 893 1406 erat.

127 1432 250 1496 Casside
274 1449 343 1490 mox
365 1428 474 1489 Hector
498 1431 527 1490 in
551 1446 665 1491 summa
688 1430 781 1506 tangit
804 1428 960 1498 Achillem,

173 1516 298 1594 Respuit
314 1515 394 1574 haec
415 1515 516 1581 ictum.
541 1514 593 1573 sed
616 1513 697 1574 dedit
718 1514 775 1575 icta
798 1511 914 1573 sonum.
1051 1522 1104 1570 490

132 1603 233 1665 Elerat
255 1598 397 1660 Aeacides
419 1596 552 1658 lunatum
576 1595 676 1658 denuo
697 1597 821 1667 terrum,

176 1683 311 1746 Hectoris
333 1691 366 1742 ut
388 1679 509 1742 nitidam
533 1681 644 1741 dividat
666 1699 737 1742 ense
759 1679 869 1760 gulam.

130 1772 249 1848 Excipit
272 1767 403 1828 umbone
423 1765 542 1843 juvenis
566 1765 730 1826 Priameius
751 1767 854 1831 ictum.

174 1855 345 1915 ltlucrouem
370 1850 465 1911 vibrat
487 1858 516 1910 et
538 1849 665 1912 referire
688 1859 781 1929 parat.

132 1941 208 2002 Dum
230 1935 344 2005 1111111,
368 1935 474 1996 Graeci
497 1932 605 1996 collum
629 1931 806 1996 discendere
829 1936 956 2013 quaerit,
1049 1941 1102 1990 495

175 2021 233 2082 Sed
257 2021 388 2081 Graecus
410 2018 498 2092 cedit,
522 2036 590 2080 aera
614 2037 718 2080 mucro
741 2018 816 2079 ierit.

131 2109 265 2169 Graecus
285 2104 358 2164 item
382 2102 510 2180 gladium
534 2120 674 2180 magnum
698 2104 808 2164 virtute
830 2101 957 2164 levatum

175 2192 282 2265 Dirigit
303 2191 334 2248 in
357 2188 477 2256 Troem,
501 2188 618 2248 scindat
641 2195 673 2248 ut
695 2205 765 2248 ense
789 2187 906 2266 pedem.

133 2274 269 2338 Detrahit
290 2272 339 2332 ille
362 2272 477 2350 pedem,
502 2279 601 2334 tamen
625 2289 695 2332 ense
718 2270 889 2331 reverberat
913 2287 1025 2338 ensem,

175 2358 285 2419 Reddit
306 2374 360 2435 per
382 2354 480 2416 simile
503 2373 559 2434 pro
581 2356 644 2415 vice
667 2358 793 2435 quisquc
816 2357 921 2415 vicem.
1050 2361 1102 2412 500

131 2445 206 2506 Sese
227 2439 370 2500 collidunt
391 2439 477 2500 nitidi
499 2441 660 2518 perniciter
684 2457 780 2507 enses,
879 2481 881 2484 -

174 2527 229 2587 Hic
251 2526 330 2594 ferit,
354 2523 402 2583 hic
424 2523 538 2592 1111111,
563 2534 688 2602 utraque
712 2541 807 2584 massa
829 2523 938 2583 fremit.

131 2613 265 2690 Serpens
287 2616 456 2687 serpentem
479 2606 606 2676 mordet,
630 2609 674 2668 sic
696 2624 801 2669 mucro
823 2624 1013 2679 mucronem;

174 2696 291 2756 Densa
314 2692 403 2754 dente
425 2693 512 2768 riget,
537 2693 617 2753 ensis
640 2691 677 2752 ab
701 2709 771 2752 ense
794 2693 876 2751 nitet.

133 2780 234 2856 Longe
256 2784 425 2854 spectantes
447 2777 542 2838 oculis
563 2777 690 2838 relerire
713 2774 850 2836 valebant
1050 2782 1100 2831 505

175 2860 317 2938 Fulgura,
341 2879 417 2939 quae
439 2859 530 2939 gladii
552 2861 622 2922 solis
645 2863 675 2920 in
700 2863 769 2938 igne
791 2855 909 2922 dabant.

132 2945 291 3022 Argolicus
314 2943 466 3024 chalybem
489 2946 608 3023 stringit
631 2961 809 3020 percurrere
832 2943 950 3011 Troem,

176 3028 319 3108 Objectus
340 3032 414 3088 item
434 3031 565 3108 protegit
586 3028 676 3090 umbo
700 3029 814 3089 ducem.

133 3115 228 3176 lotum
251 3112 399 3192 'lrojanus
421 3122 576 3192 acceptum
598 3112 725 3174 reddere
748 3115 831 3174 nisus

176 3199 208 3258 ln
231 3196 328 3260 lemur
351 3195 520 3276 Argolicum
544 3195 678 3258 vulnerat
701 3215 771 3256 ense
794 3198 898 3256 virum.
1050 3201 1102 3252 510

199 3401 259 3450 480.
278 3403 368 3450 rotam
387 3415 401 3449 e
420 3399 540 3463 margine
559 3414 607 3462 pro
627 3397 685 3448 cod.
705 3395 841 3460 ,‚latam¹‘.
928 3397 987 3445 teo.
1006 3394 1065 3445 iota
1084 3409 1101 3444 e

132 3467 257 3534 margine
276 3481 326 3532 pro
346 3465 406 3519 cod.
424 3466 484 3516 ille.
561 3467 620 3516 491.
639 3481 742 3529 margo.
761 3466 844 3515 Aeac.
863 3462 996 3514 Achilles.
