2590 3984
441 191 503 242 Lib.
520 193 556 244 11.
592 208 618 243 v.
636 195 778 246 ert-etr.

167 338 215 406 'lle
238 343 341 426 clypeo
364 342 468 406 labens
490 347 521 405 in
545 354 613 407 cute
635 345 740 405 volnus
763 347 831 421 egit.

132 430 243 491 Hector
265 433 296 491 in
318 429 436 509 Ajacem
461 427 585 490 collecto
608 429 716 491 robore
737 429 879 507 grandem

171 515 360 596 *Transmittit
381 511 509 593 lapidem
532 521 669 575 sternere
692 515 769 574 mole
792 515 909 576 ducem.

129 601 271 662 Atreius
294 601 447 678 excipiens
470 598 573 678 clypeo
596 599 788 678 septemplice
811 615 914 660 saxum

171 684 310 745 Hectoris
331 687 363 744 in
386 701 494 763 corpus
516 684 628 761 grande
651 685 778 748 remittit
800 700 883 744 onus.

129 770 296 831 decurrunt
319 770 444 846 iterum3
466 767 566 829 videas
587 771 705 846 insigne
728 765 874 837 duellum;

171 854 304 914 Densant
326 853 485 913 alterutras
507 851 703 931 percutiendo
726 854 815 932 vices.
911 915 912 920 ,

132 937 278 1016 Coeperat
299 939 458 1014 igniferum
481 936 567 997 Titan
591 937 771 1014 immergere
794 952 915 997 cursum

171 1021 327 1083 Fluctibus
349 1023 516 1100 aequoreis,
540 1038 659 1100 noxque
682 1019 784 1082 subire
807 1018 923 1098 polum;

130 1104 187 1176 Oui
211 1107 390 1167 dirimente
414 1105 506 1167 caede
527 1105 605 1166 viros
628 1108 784 1167 mittuntur
806 1107 959 1185 utrinque,

173 1189 238 1250 Non
262 1198 361 1251 tamen
383 1191 413 1250 hi
435 1188 549 1269 gladios
572 1191 691 1268 segnius
713 1191 757 1250 ire
779 1191 890 1249 sinunt.

128 1275 181 1335 llic
203 1284 236 1336 tu
258 1293 334 1356 quae
357 1277 460 1351 patria.
484 1277 530 1334 vir
552 1283 683 1343 strenue,
706 1275 815 1354 quique
837 1280 977 1352 parentes

171 1357 252 1429 Quae
273 1368 324 1420 tua
347 1357 497 1436 nobilitas,
519 1375 595 1437 quae
618 1359 744 1419 domus?
782 1357 893 1418 Hector
914 1359 963 1417 ait.

131 1443 183 1505 Est
204 1442 356 1521 praeclara
380 1445 493 1512 domus,
516 1445 614 1523 inquit
635 1441 827 1503 Telamonius
849 1441 949 1510 beroe,

170 1529 275 1589 Inclita
297 1526 445 1596 nobilitas,
468 1529 560 1605 stirps
582 1545 726 1604 generosa
750 1526 833 1587 milri.

131 1612 225 1674 Filius
245 1612 401 1693 llesyonae
423 1629 499 1682 sum,
523 1629 598 1693 quae
620 1611 657 1672 de
679 1613 815 1689 germine
839 1608 918 1670 venit

170 1696 400 1766 Laomedontem
424 1696 483 1756 lilia
506 1697 589 1758 ouius
610 1703 684 1756 erat.

126 1781 320 1850 Absistemus,
344 1783 395 1850 ait,
418 1783 539 1858 sanguis
561 1780 728 1841 conrmuois
750 1781 881 1857 utrique,

170 1865 237 1926 llox
259 1867 483 1941 consanguineo
505 1867 601 1942 parcit
623 1871 749 1943 uterque
772 1883 841 1932 suo;

124 1947 364 2029 Muneribusque
386 1950 462 2010 datis
485 1948 562 2009 nodo
584 1958 743 2009 nectuntur
765 1948 876 2008 amoris

169 2034 207 2094 Et
228 2041 306 2095 vetet
327 2033 457 2096 urendas
479 2032 589 2094 Hector
611 2032 648 2093 ab
670 2033 738 2110 igne
760 2040 850 2094 retes.

194 2353 286 2416 Ensis,
304 2357 332 2403 et
349 2353 449 2416 exiguo
468 2351 603 2404 cervicem
621 2351 735 2401 vulnere
755 2349 833 2402 libet.

195 2421 294 2472 Acrius
312 2421 456 2472 adversum
473 2434 568 2470 rursus
585 2419 729 2482 consurgit
745 2418 774 2466 in
791 2415 897 2468 bostem

195 2487 357 2550 Priamides,
376 2501 426 2536 uec
440 2484 496 2548 jum
515 2487 589 2536 ferro
606 2485 756 2535 Telamone
776 2488 898 2534 creatum

196 2555 251 2605 Sed
270 2570 370 2620 magno
388 2555 450 2604 suxi
464 2553 545 2618 jectu
563 2553 649 2618 petit3
667 2556 696 2602 st
714 2551 788 2604 ierus
806 2550 878 2616 Ajox

193 2624 339 2688 Ingentem
358 2621 453 2687 clypeo
471 2619 649 2686 septemplice
667 2619 775 2684 depulit
792 2621 886 2685 ictum,

195 2691 234 2739 Et
249 2689 380 2753 juvenem
398 2704 465 2740 saxo
483 2703 642 2753 percussum
661 2689 760 2738 sternit
777 2688 881 2738 eodem.

194 2759 279 2820 Quem
296 2757 373 2809 leret
389 2763 532 2821 exceptum
551 2754 642 2822 Grsjis
659 2755 786 2806 inimicus
804 2755 903 2821 Apollo

193 2825 372 2890 Integrotque
390 2825 518 2885 animum,
533 2823 592 2886 jem
610 2839 704 2874 rursus
721 2822 757 2872 ed
776 2838 853 2873 arms
871 2824 993 2888 coibunt,

195 2891 429 2956 Stringebantque
448 2892 545 2940 iterum
563 2890 678 2955 gladios,
700 2897 751 2941 etc.

127 2977 253 3030 eet-ee.
283 2977 354 3026 Toto
376 2975 438 3026 loco
460 2975 582 3025 imitatus
600 2978 644 3024 est
660 2973 789 3025 Albertus
807 2947 955 3040 Episemou
972 2976 1021 3026 sed
1038 2976 1089 3027 hos

125 3059 223 3094 versus
239 3059 327 3108 puene
344 3044 512 3094 verbotenus
531 3042 676 3092 desumsit:

194 3127 332 3192 Coeperat
347 3127 485 3192 igniferos
502 3128 586 3178 Tituu
604 3127 763 3188 immergere
783 3142 886 3189 currus,

192 3195 308 3260 Noxque
327 3195 419 3246 subire
438 3193 543 3260 polum:
560 3192 643 3257 Juxta
661 3191 814 3257 mittuntur,
831 3203 961 3261 utrosque

195 3263 398 3324 Quidirimsnt
415 3277 432 3313 s
449 3261 535 3314 coede
552 3262 635 3323 viros,
654 3276 706 3310 uec
724 3262 835 3326 segnius
852 3262 895 3313 illi

195 3325 345 3395 Deponunt
363 3330 468 3380 suimus
485 3337 538 3383 ete.
574 3329 644 3378 Sunt
661 3329 700 3378 ibi
717 3330 776 3384 618.
797 3333 835 3381 19.
853 3333 896 3382 20.
914 3333 956 3381 21.

124 3415 184 3468 641.
202 3413 270 3465 Cod.
289 3415 383 3479 strips.
452 3417 509 3472 643.
529 3413 595 3468 uon.
614 3413 807 3468 Lumedonteo.
877 3416 937 3466 644.
964 3414 1089 3481 deprom-

124 3487 170 3532 tus
188 3497 223 3533 ex
239 3483 347 3548 epitom.
366 3485 426 3538 629.
