2574 3976
182 147 244 212 168
509 151 572 211 nes,
591 150 637 200 vr.
673 167 699 206 v.
717 153 827 202 se-re.

180 301 247 364 Non
270 302 361 363 miror
384 302 534 363 Priamum
558 319 618 362 non
640 301 710 362 bine
733 319 792 362 non
815 303 885 364 inde
907 305 1033 373 moveri,

223 385 261 448 Et
282 387 364 447 varie
387 388 468 449 varia
490 405 561 447 voce
584 395 709 447 sonante
732 387 806 465 rapi.

180 469 357 532 Obtuudunt
378 470 524 550 siquidem
549 487 689 551 curarum
711 478 833 545 pectora
856 488 995 532 sensum:
1119 483 1155 532 45

223 554 395 616 Intermissa
417 557 517 616 minus
539 557 654 616 sarcina
678 555 795 634 pondus
817 555 916 616 babet

180 640 265 702 Felix
288 642 340 717 qui
362 641 458 719 potuit
481 637 669 719 tranquillam
691 638 803 700 ducere
826 640 914 700 vitam

223 724 259 786 Et
282 723 359 785 laeto
382 722 505 784 stabiles
527 722 666 784 claudere
687 723 748 784 dne
770 723 843 784 dies.

173 809 212 882 ‚st
235 810 311 886 quis,
334 826 410 887 quae
432 827 498 869 mea
520 809 559 868 sit
580 825 672 887 super
694 807 742 868 bis
763 810 918 879 sententia,
943 811 1068 886 quaerit,

146 911 164 935 '³
222 891 292 954 Plus
314 910 402 971 quam
425 891 480 953 sub
502 890 591 963 bello,
615 893 714 953 vivere
736 909 810 972 paee
832 909 918 970 rogo.
1117 903 1154 952 50

181 977 275 1038 Nemo
298 977 433 1046 miretur,
457 976 505 1038 bis
527 977 629 1054 quinta
652 975 811 1037 revolvitur
835 985 932 1038 aestas

224 1060 309 1133 Quod
331 1062 459 1140 patriam
482 1068 561 1121 tanta
585 1058 788 1122 commoluere
810 1059 896 1132 malo,

180 1145 217 1205 Et
238 1142 369 1223 glacialis
391 1145 486 1205 hiems
509 1143 698 1224 aquilonibus
720 1152 839 1224 asperat
860 1143 958 1207 undas

221 1228 282 1291 lam
307 1227 414 1299 decies,
437 1246 554 1308 pugnae
576 1246 632 1290 nee
653 1228 818 1290 numerabo
839 1231 929 1293 vices.

179 1311 267 1376 Nullo
289 1312 443 1392 nobiseum
466 1331 568 1375 sumus
590 1329 720 1390 unquam
742 1320 888 1394 tempore,
912 1322 1016 1376 noetee
1113 1325 1152 1372 55

222 1397 365 1459 Duoimus
386 1399 550 1468 insomnes,
574 1401 672 1458 omnis
694 1415 793 1459 amara
816 1398 889 1461 dies.

179 1481 348 1544 Mendioant
369 1483 508 1562 requiem
529 1491 597 1561 post
618 1482 740 1560 longum
764 1482 898 1546 membra
919 1481 1063 1551 laborem.

222 1566 308 1628 Unde
329 1573 400 1645 peto
424 1568 495 1646 poni
516 1567 641 1645 proelia,
665 1584 738 1646 paee
761 1566 829 1628 lrui.

179 1651 346 1712 Polidamas
368 1650 469 1712 verbis
491 1667 644 1712 assensum
667 1648 806 1729 praebuit
826 1653 893 1711 istis

222 1735 259 1797 Et
279 1753 383 1815 paoem
406 1737 471 1796 lieri
495 1734 635 1814 postulat,
659 1753 739 1795 erma
763 1737 871 1814 premi.
1112 1746 1151 1795 60

464 1913 635 1986 [Pennus
653 1914 863 1986 noournunq
939 1932 945 1938 ·

221 2123 282 2193 Est,
306 2125 356 2191 ait,
381 2141 395 2182 a
420 2123 516 2200 eapite
538 2123 656 2199 cognita
680 2140 768 2184 eausa
791 2122 855 2183 tibi.

181 2207 225 2268 td
248 2207 364 2268 Danaos
385 2206 503 2285 legatus
526 2223 602 2276 eras,
627 2224 695 2270 eum
718 2214 803 2284 rapta
825 2207 930 2268 luisset

223 2292 363 2353 Primiius
386 2291 523 2372 Hesqone
546 2290 681 2370 laetaque
704 2290 815 2370 praeda
837 2293 945 2368 gravis,

178 2377 304 2454 Insuper
326 2377 443 2436 occisus
465 2377 593 2452 genitor,
616 2375 684 2454 quid
709 2383 807 2436 uetera
831 2376 949 2436 dieaml
1115 2387 1154 2436 65

221 2459 346 2539 Propria
369 2459 508 2521 continue
530 2460 660 2538 prodere
682 2457 791 2540 probra
816 2459 921 2538 pudor.

181 2545 248 2606 Nun
271 2547 356 2622 quasi
380 2542 542 2612 nuntiolus‚
566 2563 654 2624 quam
678 2546 860 2605 secretarius
882 2543 956 2614 ibas,
1054 2581 1062 2596 ι

221 2628 294 2689 Nam
317 2629 362 2688 ria
385 2629 508 2688 oonsilio
530 2627 644 2706 prodiit
666 2626 713 2690 ille
736 2638 798 2690 tuo.

178 2713 222 2775 Ad
245 2713 376 2774 Graecos
398 2713 499 2791 itaque
521 2713 663 2782 transisti,
687 2713 757 2791 quid
780 2709 929 2773 retulisti?
1173 2779 1181 2792 ,

220 2796 326 2858 Nonne
349 2804 472 2873 repente
494 2796 556 2856 suis
578 2803 607 2856 te
630 2814 783 2876 pupugere
806 2795 942 2876 probris?
1113 2807 1153 2856 to

178 2879 281 2942 Nonne
303 2882 445 2959 frequens
466 2880 601 2941 hortator
623 2899 699 2950 eras,
723 2889 756 2942 ut
776 2882 807 2940 in
831 2899 913 2942 arma
936 2879 1050 2941 volaret

221 2965 258 3026 Et
280 2974 417 3044 quateret
439 2973 532 3026 totum
555 2967 651 3043 patria
673 2983 760 3046 posse
782 2984 879 3027 suum.

178 3102 381 3112 ,-..----..

246 3168 287 3222 45.
304 3167 347 3218 46.
364 3167 476 3220 Maxim.
491 3168 523 3231 V,
535 3169 577 3217 69.
592 3169 633 3218 70.
694 3169 736 3222 47.
748 3169 789 3220 48.
809 3167 889 3232 Apud
902 3165 983 3220 eund.
995 3167 1016 3231 Ι,
1029 3167 1088 3229 289,
1100 3168 1145 3218 90.

312 3233 394 3284 Felix
415 3235 461 3299 qui
478 3233 579 3285 meruit
596 3233 775 3298 tranquillam
792 3233 895 3285 ducere
913 3234 1000 3286 vitem

178 2039 274 2100 iratus
296 2039 449 2099 Priamus:
474 2039 621 2098 Antenor!
644 2055 724 2099 nuno
747 2040 868 2099 recitate

347 3301 384 3351 Et
402 3302 492 3352 laetos
509 3301 607 3352 stabili
624 3300 754 3352 claudere
772 3302 825 3352 bne
845 3302 913 3353 dies.

179 3369 222 3418 b‘l.
240 3367 352 3432 Virgilii
370 3374 414 3419 eet
425 3368 493 3420 Aen.
506 3367 556 3430 ΙΙΙ,
571 3369 628 3419 285.
668 3371 710 3420 56.
728 3368 797 3434 glos.
812 3384 882 3419 omn.
897 3383 949 3419 em.
963 3367 998 3422 di.
1014 3372 1063 3422 est.
1099 3368 1143 3419 66.

177 3433 247 3498 glos.
264 3433 339 3498 prod.
358 3437 449 3499 probr.
468 3436 533 3501 pud.
553 3439 602 3489 est.
