2592 3978
180 179 223 245 38
420 183 484 234 Lib.
503 183 525 234 Ι.
564 199 589 236 v.
609 186 752 237 ‘tue-801.
793 184 855 234 Lib.
873 185 909 235 11.

224 333 289 394 Non
313 332 398 394 labor
421 343 543 396 excuset
565 336 619 395 ista
643 333 688 395 vel
712 335 789 396 ullus
812 336 917 396 honor.

181 416 324 478 Exsiliant
347 418 454 498 quibus
477 437 560 480 arura
583 420 672 480 sudes
694 429 724 478 et
746 420 824 481 Daca
847 420 994 500 bipennis,
1098 431 1148 479 tuo

181 549 185 554 .
224 501 405 580 Praecipites
427 506 556 572 veniant,
581 522 661 564 arma
685 504 828 584 cibosque
850 507 957 566 lerant.

90 657 96 666 ¹
181 587 287 648 Nostra
311 588 437 663 quiescit
459 589 491 646 in
513 585 570 647 hoc
592 591 728 657 intentio,
751 589 802 648 fiat
823 598 857 650 ut
877 589 947 649 inde

222 670 337 732 Praedo
360 669 531 742 dolorosus,
555 671 635 732 uude
657 671 776 732 dolosus
800 683 872 734 erat.

180 753 319 816 Mandato
342 755 439 815 facilis
462 756 593 816 Graecus
615 757 673 817 iam
697 755 933 826 militatomnis,

222 839 428 918 lnproperant,
453 843 567 901 cunctis
589 842 627 900 sit
648 843 717 920 quia
740 842 815 902 cisra
838 842 940 920 pigris.
1097 851 1146 898 tut

180 923 258 983 Stiva
282 923 385 985 relicta
406 924 492 984 rubis
515 928 652 1003 queritur
675 943 793 986 cessare
815 925 940 1004 ligones,

221 1008 384 1068 Radicosus
405 1011 470 1084 agri
492 1009 602 1070 deserit
624 1027 706 1070 arma
728 1011 817 1072 cicer.
1008 1015 1009 1026 ¹

179 1091 330 1153 Gonllatur
352 1090 467 1170 gladius
490 1111 527 1154 ex
549 1112 678 1161 vomere,
702 1094 804 1156 lancea
827 1093 919 1155 falsae

222 1177 355 1237 Deseruit
376 1175 478 1254 galeae
500 1178 584 1258 lurca
607 1177 713 1238 tenella
737 1186 848 1258 strepe.

179 1259 256 1332 Quid
280 1262 394 1320 moror!
437 1261 471 1321 ln
494 1260 605 1322 bellum
628 1263 723 1322 currit
744 1282 812 1325 cum
836 1263 929 1324 milite
951 1262 1065 1342 vulgus,
1093 1271 1145 1322 800

221 1343 274 1404 Vix
297 1354 431 1406 remanet
455 1363 558 1407 serere
581 1349 632 1426 qui
655 1346 718 1408 leve
741 1349 834 1426 possit
855 1347 928 1408 olus.

492 1531 604 1592 tisun
626 1519 830 1596 suuuuuus.

318 1661 508 1733 ructemus
527 1676 706 1732 curruum
724 1675 880 1733 saeuum
897 1677 1002 1734 muni.

179 1796 309 1876 Scriptat
331 1802 387 1860 iste
413 1768 505 1860 duces
528 1808 558 1860 et
579 1817 669 1860 nares
691 1802 783 1861 mittit
803 1800 942 1870 Athenas,

177 1884 219 1944 lle
242 1901 312 1944 casu
334 1881 442 1962 'lrojae
468 1885 591 1945 Graecis
612 1886 775 1963 respondet
795 1885 910 1964 Apollo.

177 1970 200 2028 Α
223 1966 381 2028 Calchante
404 1977 485 2028 rates
508 1969 676 2028 retinentur
697 1971 728 2028 in
749 1968 864 2031 Aulide.
908 1969 956 2029 Fit
975 1987 1028 2030 rex
1059 2031 1063 2037 ,

176 2051 211 2110 ln
234 2052 324 2129 Mysia
348 2050 506 2131 Telephus,
529 2051 731 2132 Helenamque
752 2056 885 2132 reposcit
907 2053 1035 2132 Ulixes!

176 2133 334 2196 velificant
357 2136 456 2213 Danai,
481 2136 644 2198 detendunt
666 2136 766 2198 littora
790 2139 909 2198 Teucri.
1127 2147 1142 2194 5

178 2219 342 2280 Protesilao
365 2221 460 2281 cadis!
507 2221 641 2298 Surgunt
661 2225 789 2284 tentoria
812 2241 909 2282 mane.

103 2321 105 2325 ’
176 2304 276 2366 Altera
299 2321 397 2384 pugna
420 2306 507 2374 surit;
530 2305 699 2367 Patroclum
724 2309 811 2367 tertia
835 2309 950 2368 sternit.

176 2384 266 2449 Fiunt
289 2393 405 2464 cognati
429 2399 594 2469 pugnantes
615 2391 726 2452 Hector
748 2401 777 2453 et
799 2389 880 2470 Ajax.

177 2472 237 2533 Pax
261 2475 346 2552 annis
370 2473 455 2535 binis.
502 2475 661 2553 Sceptrum
684 2477 728 2534 vir
750 2475 894 2554 Nauplius
916 2477 1018 2538 ambit.

182 2556 308 2617 Saucius
331 2576 346 2617 a
369 2558 477 2618 Paride
499 2559 650 2620 Menelaus
673 2567 770 2619 castra
792 2559 948 2621 subintrat.
1110 2572 1143 2620 10

177 2709 379 2719 ———-—-.

244 2793 303 2846 790.
321 2791 415 2842 Guelt.
434 2792 513 2844 Alex.
532 2794 554 2855 1,
573 2795 623 2844 tot

278 2861 420 2910 Instaurat
439 2861 538 2926 quibus
555 2876 630 2911 erma
648 2859 729 2910 sudes
747 2865 776 2912 et
792 2862 870 2913 Dece
887 2864 1022 2928 bipennis.

177 2928 233 2980 tea.
254 2943 268 2979 e
286 2929 413 2992 margine
431 2927 573 2993 prounde.
626 2931 684 2980 tet.
698 2931 739 2979 et.
758 2928 868 2980 Gnalth.
881 2930 960 2982 Alex.
974 2931 1026 2995 111,
1039 2933 1096 2983 41⁷.
1110 2933 1142 2982 18

328 3021 361 3032 -
379 3021 412 3031 -
429 3022 463 3032 -
481 2997 608 3060 queritur
626 3011 737 3047 cessare
755 2996 865 3061 ligones
937 2999 939 3004 ’

328 3062 482 3113 Rudicosus
501 3079 568 3130 eger
586 3069 615 3114 et
633 3063 758 3114 sentibus
777 3063 867 3114 obsita
885 3063 976 3118 tellus,

177 3129 235 3180 798.
257 3145 270 3178 e
289 3131 412 3194 rnargine
431 3146 480 3196 pro
499 3132 559 3184 cod.
584 3136 673 3196 stupe.
744 3132 888 3182 tot-801.
912 3133 1035 3185 imitatio
1059 3129 1141 3188 ovid.

175 3197 252 3246 Fast.
269 3196 293 3260 1,
313 3200 362 3248 697
381 3213 436 3263 seq.

328 3291 361 3300 —
379 3291 413 3301 —
429 3291 464 3300 -
482 3270 543 3316 erat
562 3265 654 3330 aptior
673 3265 747 3314 ensis

243 3331 372 3382 Vomere:
392 3333 510 3383 cedebat
526 3337 621 3382 taurus
640 3335 732 3382 arator
751 3347 830 3396 equo.

211 3397 326 3450 Surculu
344 3400 503 3450 cessabant:
522 3399 650 3462 versique
667 3400 696 3448 in
714 3397 772 3464 pila
790 3399 898 3464 ligones

244 3467 385 3531 Factaque
403 3466 437 3516 de
456 3467 539 3516 rastri
557 3465 676 3531 pondere
695 3467 785 3518 cussis
804 3473 874 3522 erat.
