2592 3978
209 205 271 254 xvr
612 193 767 256 Praefatio.

209 347 334 406 fortasse
357 344 474 423 legendi
496 353 581 405 sunt:

252 429 302 489 lstl
325 446 417 508 quum
441 429 523 490 divos
545 438 646 490 narret
669 429 772 490 adesse
795 429 870 490 duos

252 513 309 573 Sed
334 531 430 591 neque
454 531 511 573 nox
535 512 638 574 didicit
660 512 771 575 nullam
794 522 913 591 patrare
936 516 1066 594 quietem

252 596 405 676 Pugnandi
428 614 522 675 genus
544 599 697 674 egregium
718 606 839 674 patrare
862 601 993 660 scienter

210 715 377 778 quanquam
394 697 488 759 codex
503 699 658 758 manifeste
674 699 745 758 istas
761 697 849 759 lalsas
864 699 1076 778 productiones
1090 718 1176 779 prae-

210 783 275 851 bet;
298 783 396 843 locum
420 781 441 851 l,
465 777 528 843 582
735 798 741 812 ·

336 884 435 943 Paean
458 881 599 961 oppidulo
623 892 705 944 unare
727 881 777 943 lux
799 882 896 950 stabat
917 883 1021 962 Apollo

211 984 316 1028 sanare
339 967 486 1027 dillicilius
509 974 569 1034 est,
594 967 674 1046 quod
698 965 790 1026 codex
812 965 886 1028 baec
909 967 1007 1037 verba,
1032 987 1107 1047 quae
1130 971 1177 1030 vix

210 1050 335 1128 intelligi
362 1059 501 1129 possunt,
537 1050 652 1130 prodit:
690 1051 928 1114 emendationem
956 1053 1049 1130 igitur
1077 1060 1177 1114 textus

211 1153 270 1195 non
293 1137 357 1196 ausi
379 1153 491 1203 snmus,
515 1132 717 1212 conjecturam
742 1143 841 1196 tamen
864 1135 912 1195 hic

363 1236 460 1296 Paean
484 1235 624 1315 oppidulo
648 1249 734 1297 mane
756 1234 873 1297 lucebat
893 1236 999 1315 Apollo

211 1345 313 1398 nostro
328 1336 450 1398 lllberto
474 1337 548 1397 duce
570 1339 601 1398 in
623 1340 682 1398 arsi
700 1337 821 1398 brevem
836 1336 976 1417 syllabam
991 1337 1177 1417 producente

212 1420 391 1500 praebemus
413 1422 540 1482 fortasse
563 1439 622 1482 non
646 1422 860 1502 accipiendam,
884 1423 951 1500 quia
974 1420 1114 1492 „stabat‘⁸
1130 1441 1176 1482 se·
1286 1424 1290 1468 ἵ

215 1507 317 1583 quenti
351 1522 437 1564 versu
471 1508 609 1566 iteratum
643 1506 868 1584 profundiorem
898 1524 1018 1567 sensum
1046 1505 1176 1584 prodere

209 1590 337 1650 videtur.

295 1669 539 1734 Homoeoteleuto
567 1673 626 1752 jam
655 1675 700 1734 usi
723 1681 793 1734 sunt
814 1675 938 1736 Romani
967 1682 996 1734 et
1018 1682 1120 1734 noster
1143 1682 1176 1734 ut
1202 1737 1204 1747 ,
1277 1685 1278 1703 ³

212 1759 305 1817 ceteri
328 1758 473 1817 neoterici
495 1774 530 1816 eo
553 1774 612 1818 non
636 1757 784 1819 abstinuit.
842 1757 900 1818 Res
922 1775 1013 1836 quum
1036 1765 1104 1818 nota
1127 1760 1175 1827 sit,
1287 1793 1288 1796 =

211 1860 276 1902 eam
299 1841 442 1902 mittimus
465 1847 495 1900 et
518 1842 651 1921 exempla
674 1841 841 1903 exscribere
865 1842 1012 1901 nolumus.
1057 1841 1176 1918 lusigne
1285 1867 1287 1920 r

140 1953 144 1960 ·
210 1925 301 2003 hujus
324 1943 396 1985 usus
419 1923 588 2003 exemplum
611 1928 759 1987 invenitur
779 1927 809 1986 in
823 1927 954 1986 carmine
970 1925 1101 2003 elegiaco
1117 1925 1175 1995 „de
1286 1963 1287 1972 .

212 2009 326 2070 excidio
348 2007 477 2087 Trojae⁴‘
507 2011 586 2089 quod
616 2010 726 2089 Leyser
754 2009 869 2085 (histor.
898 2015 977 2088 poet.
1006 2009 1084 2069 med.
1113 2011 1177 2070 aevi
1286 2061 1287 2089 q

211 2112 241 2172 p.
265 2089 338 2168 398)
363 2092 536 2172 Hildeberto
558 2093 727 2154 Turonensi
757 2097 912 2172 episcopo,
943 2095 996 2172 qui
1019 2089 1101 2154 1132
1130 2091 1176 2154 rel
1280 2149 1281 2156 ,

213 2173 294 2237 1136
324 2176 409 2246 obiit,
437 2177 555 2247 tribuit,
581 2177 718 2256 quodque
741 2186 863 2256 propter
887 2177 1010 2237 lormam
1035 2185 1064 2237 et
1085 2185 1177 2238 mute·

214 2263 288 2321 riam
311 2259 391 2336 lectu
413 2279 472 2321 non
496 2261 652 2340 indignum
676 2261 751 2321 calci
773 2261 861 2341 hujus
883 2259 953 2322 libri
976 2260 1175 2339 adjunximus.
1280 2291 1288 2316 „

213 2345 255 2406 lle
278 2347 415 2406 universa
431 2364 465 2406 re
479 2349 601 2407 metrica
618 2347 838 2407 neotericorum
855 2345 1002 2406 Lucienus
1019 2343 1174 2416 Mirllerns,
1287 2370 1289 2383 ¹

122 2432 124 2437 ’
212 2431 262 2507 qui
285 2433 405 2508 egregie
428 2430 465 2490 de
487 2429 537 2490 illa
561 2431 629 2508 egit,
654 2429 854 2491 consulendus
877 2439 931 2491 est.

297 2531 423 2591 Carmen
446 2530 624 2610 praebemus
647 2531 683 2590 ad
705 2531 785 2592 huuc
807 2549 902 2608 usque
924 2531 1002 2590 diem
1017 2529 1174 2598 ineditum,
1276 2522 1279 2547 ¹

213 2613 297 2693 cujus
319 2622 434 2676 tantum
458 2615 516 2675 duo
538 2615 702 2690 fragmenta
725 2615 751 2673 J.
769 2615 802 2673 F.
820 2614 1024 2690 Heusingerus
1046 2612 1076 2672 in
1098 2610 1175 2672 libro
1276 2605 1290 2686 j*

212 2698 256 2758 Fl.
273 2697 363 2760 Mallii
379 2699 528 2760 'l'heodori
550 2699 587 2758 de
602 2699 706 2757 metris
722 2697 824 2777 (Lugd.
841 2697 941 2760 Batav.
960 2693 1050 2774 1766)
1067 2714 1096 2774 p.
1115 2693 1177 2756 114
1276 2689 1291 2752 fr

212 2782 316 2843 -117
339 2781 452 2862 publici
472 2781 548 2860 juris
570 2781 690 2850 lecerat,
714 2799 789 2860 quae
812 2781 977 2858 fragmenta
1000 2799 1035 2840 ex
1053 2781 1176 2841 lleusin-
1275 2781 1277 2845 l

211 2885 284 2946 gero
321 2886 338 2927 a
375 2867 548 2928 Staverenio
586 2866 624 2943 (in
662 2865 792 2925 editione
830 2862 959 2926 Cornelii
992 2865 1113 2944 Nepotis
1140 2864 1174 2935 ll,

212 2969 241 3030 p.
270 2947 333 3012 385
357 2951 448 3029 sqq),
484 2949 685 3010 Wernsdorfio
718 2949 805 3029 (poet.
834 2952 941 3009 minor.
975 2947 1036 3008 Lat.
1066 2949 1100 3009 Τ.
1128 2949 1175 3017 iv,

211 3054 241 3114 p.
278 3030 366 3112 596),
404 3034 515 3095 Eberto
553 3032 850 3112 (Uebcrlielerungen
884 3033 937 3094 uu.
968 3033 995 3103 l,
1033 3052 1062 3112 p.
1094 3029 1175 3112 188),
1274 3045 1275 3058 ’

212 3115 457 3180 Schoenemdnno
473 3117 780 3197 (Merkwrirdigkeiten
796 3117 818 3187 1,
836 3136 862 3196 p.
881 3114 921 3177 15
936 3135 982 3178 nr.
1001 3115 1082 3194 171),
1099 3117 1175 3195 Lap-

211 3200 376 3282 penbergio
406 3203 446 3280 (in
474 3201 658 3279 praelatione
681 3202 831 3263 annalium
855 3199 968 3262 eilberti
991 3197 1088 3286 [Pertz
1111 3221 1173 3261 mo·

211 3304 294 3350 num.
317 3285 417 3346 Germ.
440 3285 519 3352 XVl,
550 3303 578 3363 p.
601 3282 665 3346 ‘272
680 3284 768 3366 sq.])‚
796 3286 974 3347 Dederichio
998 3287 1038 3366 (in
1062 3286 1175 3346 Daretis

212 3370 341 3430 editione
363 3366 551 3432 uonn1835
574 3372 699 3448 praelat.
721 3389 752 3450 p.
771 3370 813 3448 V),
837 3369 903 3451 loly
927 3370 967 3450 (in
989 3369 1175 3450 praelatione

213 3453 248 3514 ad
267 3453 470 3536 benedictum)
494 3454 679 3534 promulgata
702 3462 779 3515 sunt.
816 3453 939 3535 Reliqua
963 3462 1080 3534 praeter
1096 3453 1175 3514 lleu·
