2574 3976
192 204 259 268 200

195 360 273 420 llum
298 359 377 420 videt
391 359 472 420 hunc
487 376 601 428 sanum,
625 358 695 419 dnm
712 357 973 433 vivum,‘dumque
990 353 1151 418 decentem

238 443 382 512 Extrahit,
406 443 566 521 adspectat,
591 443 691 510 nutrit,
715 440 845 520 adoptat,
867 439 969 501 hahet.
1128 449 1169 499 30

194 527 253 599 Oui
276 524 405 608 pastoris
428 546 497 589 ores
516 533 617 605 pastor
640 526 710 587 dum
733 527 827 605 pascit
850 525 983 587 adultus:

239 613 424 674 Conveniunt
445 613 481 672 ad
504 630 571 673 eum
595 612 683 682 Juno,
706 610 845 679 Minerva,
870 609 978 671 Venus.

198 697 344 758 Iudicium
368 697 485 758 Paridis
506 714 583 778 quae
606 698 643 756 sit
665 693 866 775 pulcherrima
889 702 1046 775 quaerunt,

241 781 421 843 Promittant
443 783 534 842 etiam
556 798 680 841 munera
703 798 838 859 quaeque
861 797 923 839 sua.
1027 806 1029 809 ·

197 867 277 927 Jnno
300 865 408 930 decus:
431 865 528 926 Pallas
550 866 641 934 vires;
667 864 809 944 Cytherea
832 863 975 943 puellam:
1126 869 1165 920 35

241 950 299 1011 Sed
322 951 430 1010 Veneri
454 949 559 1011 tribuit
580 953 710 1018 vincere,
734 951 829 1009 victus
851 967 896 1010 ea.

198 1035 261 1096 Rex
283 1033 441 1114 aliquando
465 1033 567 1095 videns
589 1034 668 1094 hunc
690 1032 789 1100 talem,
814 1041 873 1093 tam
895 1031 1072 1110 speciosum,

242 1120 315 1180 Tam
338 1137 457 1200 quoqne
480 1118 675 1188 consimilem,
700 1118 832 1197 concipit
854 1134 920 1178 csse
941 1132 1038 1175 snum.

198 1204 332 1282 {lemque
354 1203 485 1280 probans
509 1221 608 1264 veram
631 1220 685 1281 per
707 1220 809 1262 servos
832 1219 900 1262 vcra
915 1201 1050 1260 ‘latentes

242 1289 399 1354 Germanis
420 1288 557 1349 Paridem
581 1287 680 1347 reddit
701 1285 814 1347 honore
838 1303 949 1365 parem.
1133 1291 1172 1340 lo

201 1374 314 1434 [luctus
336 1390 438 1436 amore
460 1380 555 1452 pater,
580 1369 624 1432 vel
647 1372 749 1432 matris
771 1371 885 1430 somnia
908 1369 989 1430 ducit

243 1457 333 1525 Vana,
356 1456 401 1517 vel
424 1460 455 1517 in
479 1454 584 1518 melius
606 1463 722 1516 vertere
745 1472 812 1517 vera
836 1455 946 1516 studet.

201 1543 249 1602 Sic
272 1559 370 1620 neque
393 1541 560 1610 consilinm,
585 1558 681 1621 neque
704 1558 763 1610 res,
787 1557 883 1620 neque
905 1541 988 1618 regia
1011 1537 1115 1604 virtus,

243 1625 304 1688 Nec
326 1629 438 1704 superi,
463 1642 517 1686 nec
540 1625 638 1694 homo,
663 1632 779 1685 vertere
803 1623 862 1684 lata
885 1623 991 1686 valent.

201 1710 259 1772 Sed
283 1709 399 1771 laudata
424 1711 519 1770 Venus
542 1709 658 1789 culpam
680 1717 737 1788 pro
760 1709 848 1770 laude
870 1709 1055 1787 rependens:
1133 1714 1173 1763 45

245 1795 329 1857 Hunc
352 1801 461 1863 monet,
486 1794 565 1856 hunc
587 1796 677 1872 angit,
702 1793 781 1853 huno
803 1801 916 1854 cremat
937 1795 1008 1871 igne
1030 1807 1117 1855 novo.

203 1879 298 1950 Ouid?
320 1879 404 1939 Pari!
428 1879 497 1957 quid
521 1883 616 1940 mulas
639 1879 751 1956 pariter
773 1895 841 1939 eum
863 1876 955 1939 corde
977 1873 1131 1937 colorem?

244 1965 295 2024 Sic
318 1971 386 2032 stat,
408 1965 452 2024 sic
475 1964 614 2043 loquitur,
638 1965 682 2023 sic
705 1961 865 2023 meditatur
888 1979 999 2022 amans.

202 2049 244 2108 Te
267 2046 391 2108 Veneris
413 2049 558 2126 promissa
581 2054 710 2127 movent,
733 2045 924 2123 helenaeque
948 2051 1094 2113 venustas,

245 2132 339 2202 Quam
362 2148 418 2209 pro
440 2130 528 2192 lauda
551 2130 605 2192 tihi
627 2131 679 2192 scd
702 2133 767 2190 sinc
789 2129 876 2191 laude
899 2129 992 2191 dabit.
1134 2136 1173 2185 50

203 2219 245 2278 Te
269 2219 359 2277 movit
382 2225 410 2278 et
433 2218 548 2295 speeies
571 2223 599 2275 ct
622 2233 695 2295 apex
719 2222 750 2275 ct
771 2215 902 2292 sanguis,
927 2223 956 2275 ct
977 2221 1067 2281 aetas,

246 2301 307 2362 Nec
330 2310 436 2371 movet,
459 2301 550 2361 immo
572 2301 658 2378 ligat3
682 2317 737 2360 nec
759 2300 841 2376 ligat,
864 2303 956 2360 immo
978 2297 1080 2360 trahit

203 2387 286 2446 Hanc
308 2387 409 2463 cupis,
431 2385 507 2446 hano
530 2385 630 2454 ardes,
655 2385 731 2446 hanc
752 2401 876 2462 prorsus
898 2385 1017 2462 quaeris
1039 2377 1170 2440 habere:

246 2470 339 2540 Quam
362 2471 418 2540 lex,
443 2471 530 2549 quam
552 2470 655 2538 Danai,
680 2487 768 2547 (ruam
791 2468 846 2530 tihi
869 2469 928 2529 lala
950 2474 1069 2545 negant.

205 2555 264 2615 Cur
287 2553 445 2633 conjuncta
469 2555 533 2615 viro
556 2553 683 2613 mulier?
706 2571 760 2612 cur
782 2556 864 2630 regia
887 2551 1013 2630 conjux?
1137 2559 1173 2607 55

248 2639 306 2698 Cur
329 2641 431 2716 ignota
453 2639 530 2699 tuis?
553 2656 606 2698 cur
629 2635 682 2697 tibi
706 2638 818 2699 Graeca
841 2635 954 2716 placati

205 2725 264 2786 Cur
285 2739 346 2782 non
368 2729 451 2800 grata
474 2721 529 2782 tibi
551 2723 651 2800 polius
673 2720 865 2798 virguncula?
888 2740 943 2782 cur
965 2736 1025 2780 nou

247 2807 313 2886 lpsa
336 2807 443 2880 Venus,
468 2823 543 2887 quae
566 2814 595 2866 le
614 2805 714 2886 judice
736 2805 858 2884 pulchra
882 2804 957 2866 luit?

205 2894 264 2956 Cur
287 2893 329 2952 sic
351 2889 515 2970 degeneras
537 2898 617 2952 totus
639 2899 798 2968 generatus
819 2892 850 2950 in
872 2889 982 2950 armis?

249 2974 291 3036 Ne
313 2975 356 3036 sic
378 2976 557 3054 degeneres:
580 2975 719 3036 Hectoris
742 2983 805 3034 cstn
827 2992 951 3034 memor.
1140 2981 1175 3030 60
1279 2955 1280 3018 l

207 3061 312 3122 Nonne
335 3061 426 3121 miser
449 3070 570 3138 reputas
592 3057 780 3120 miserabile?
804 3077 902 3118 nonne
925 3057 1084 3139 pudorem:

249 3144 290 3204 Tc
312 3142 406 3205 solum
431 3143 562 3213 Veneris,
587 3143 714 3204 Palladis
737 3162 801 3204 esse
826 3144 912 3204 tuos?

206 3228 299 3289 Cedat
320 3227 418 3290 mollis
440 3248 523 3289 amor
546 3231 658 3308 patriae
682 3228 797 3288 virtutis
820 3245 930 3292 amore.

250 3313 429 3374 Hectoreum
453 3313 574 3373 fratrem
598 3314 737 3373 nonnisi
761 3313 817 3372 tela
840 3312 955 3372 decent.

207 3397 287 3473 Ergo
310 3414 439 3476 sequens
461 3401 576 3457 animos
599 3399 725 3456 animosi
748 3397 849 3458 fratris
872 3405 901 3455 et
923 3413 1017 3456 arma:
1142 3403 1177 3452 65
1279 3379 1280 3444 ἒ

256 3480 341 3551 Quod
364 3484 447 3559 cupit
469 3479 537 3541 illud
563 3499 636 3550 ama,
661 3480 739 3560 (pund
763 3481 834 3540 lacit
857 3478 928 3540 illud
952 3498 1016 3558 age.
