2574 3976
433 214 547 300 9999.
582 173 608 265 l.
627 215 770 265 ess-soa.
1029 211 1090 276 163

12 367 16 432 ἶ·
126 369 209 437 dudi,
233 385 285 428 rex
308 368 408 428 tortis!
432 383 499 426 oro:
523 385 582 427 non
606 384 658 426 ore
681 367 803 435 diserto,
1042 375 1092 425 995

169 456 205 514 dt
228 460 326 512 tamen
350 459 396 511 est
418 453 535 511 animus
557 451 648 511 edere
670 467 762 530 pauca
786 451 867 511 milri.

12 525 13 568 3
127 538 190 599 Non
213 536 311 597 honns
333 544 379 596 est
401 537 481 604 civis,
505 538 557 614 qui
579 537 711 614 praeiert
734 533 847 595 civibus
870 519 995 605 hostem,

167 621 220 681 Vel
244 621 295 700 qui
318 621 381 682 cire
402 621 498 697 magis
520 627 647 699 occupat
668 619 754 680 hoste
777 619 884 693 larem3

128 705 185 776 Qui
207 707 290 784 spuit
311 707 342 764 in
358 705 520 784 propriam.
543 704 654 783 probra
670 706 784 783 spargit
798 705 928 783 propria,
952 703 1092 772 barbam;

169 789 291 857 Nidum,
315 807 374 869 quo
396 787 521 858 residet,
545 788 663 849 sordida
686 787 787 849 foedat
809 789 879 849 avis.
1043 797 1095 847 940
1135 861 1139 870 .

13 873 14 876 ’
129 875 228 954 Turpe
250 873 452 934 rudimentum
474 875 590 952 patriae
612 874 782 952 proponere
806 873 951 934 Graecum

169 958 205 1018 Et
227 975 345 1018 servum
367 959 432 1020 vitii
454 967 559 1034 pectus
581 957 693 1018 habere
716 975 810 1019 suum.

127 1043 267 1105 Cernitur
289 1043 423 1104 Antenor
445 1041 542 1119 longis
564 1040 738 1120 ambagibus
760 1060 832 1104 usus

169 1127 278 1188 Totum
301 1143 439 1187 sermone
462 1125 736 1189 detinuissediem.

12 1261 13 1266 1
127 1211 231 1273 Deficit
254 1211 380 1281 auditor,
404 1229 464 1271 non
487 1211 585 1271 delicit
606 1211 670 1288 ipse
693 1209 856 1291 loquendo:
1044 1221 1094 1270 945

168 1295 244 1357 Sunt
266 1295 325 1356 sibi
347 1295 397 1374 qui
419 1293 481 1356 sola
503 1292 677 1372 garrulitate
698 1293 825 1373 placent.

127 1381 286 1459 Postquam
306 1381 407 1458 picosa
429 1367 590 1438 verborum
613 1379 728 1456 gurgite
750 1377 850 1454 lingua

169 1463 312 1534 Eiiluitat,
337 1470 433 1523 totum
455 1462 557 1524 scibile
580 1464 657 1522 scire
678 1469 771 1541 putat.

127 1548 232 1609 Sermo
255 1547 342 1608 datur
363 1547 474 1617 multis,
498 1547 586 1607 animi
609 1547 754 1625 sapientia
778 1549 888 1625 paucis,

168 1631 273 1692 Nonne
296 1631 353 1694 tuit
374 1630 493 1691 brevior
515 1648 603 1710 quam
625 1649 678 1692 sua
701 1629 790 1691 verba
813 1632 894 1693 diesi
1043 1641 1095 1690 950

128 1716 297 1796 Sper-aram,
321 1715 400 1795 quod
424 1733 479 1793 pro
501 1717 597 1794 patria
621 1714 782 1795 placitaret
804 1722 833 1775 et
855 1716 939 1787 urhe,

168 1803 206 1861 dt
226 1818 295 1879 spes
316 1807 449 1878 optatum
472 1817 532 1860 non
554 1800 622 1860 tulit
644 1798 693 1861 illa
715 1800 841 1860 lucrum.

128 1883 248 1947 Civibus
270 1881 351 1945 illius
374 1891 462 1945 nocet
484 1883 630 1964 allegatio,
652 1884 776 1963 prodest

168 1965 326 2039 Hostibus;
351 1976 396 2029 est
418 1985 510 2029 unum
533 1971 605 2029 civis
628 1976 658 2029 et
679 1968 773 2030 hostis
796 1971 831 2028 ei.

126 2054 178 2126 Ut,
187 2052 296 2132 probra
319 2071 480 2132 pensemus
502 2053 611 2114 Danais
634 2059 663 2114 et
685 2053 790 2114 damna
815 2054 940 2126 luamus,
1043 2065 1093 2114 955

168 2136 323 2198 Praedicat
345 2145 374 2198 et
396 2137 547 2216 populum,
572 2139 623 2215 qui
646 2137 704 2198 sibi
727 2137 839 2210 credat,
863 2138 963 2200 habet.

126 2221 163 2282 Et
185 2219 268 2299 plebs
290 2220 368 2282 illius
392 2221 480 2283 dictis
502 2222 649 2282 consentit
671 2231 701 2282 et
723 2230 826 2282 errant

168 2305 372 2384 Erroremque
394 2323 491 2374 suum,
516 2323 576 2384 quo
598 2305 896 2380 tueantur„habent;

126 2390 303 2452 Consumtas
325 2387 519 2467 querelantur
541 2407 622 2468 opes,
645 2389 849 2470 populumque
871 2393 1028 2462 minutum,

169 2473 296 2535 Brachia
320 2472 407 2544 iessa,
430 2473 475 2533 rei
497 2473 602 2544 taedia,
626 2480 715 2552 teque
737 2492 851 2536 senem.
1043 2486 1094 2537 990

125 2557 192 2618 Non
215 2564 260 2618 est
281 2557 391 2635 regalis
414 2558 554 2618 exhausta
578 2557 718 2636 potentia,
741 2557 862 2637 grandis

168 2641 271 2703 Restat
293 2641 390 2703 adhuc
413 2642 542 2722 populis,
563 2645 740 2705 strenuitate
761 2650 876 2723 potens.

12 2787 13 2790 ,
125 2726 205 2798 Quid
228 2725 330 2796 reiert,
353 2731 380 2788 si
402 2727 567 2806 degeneres
589 2730 619 2788 in
643 2728 738 2789 taedia
761 2731 847 2790 vertit

167 2809 242 2902 Belli
264 2829 330 2872 sors
353 2814 439 2872 annis
461 2813 631 2874 continuata
654 2813 767 2874 decem.

192 3080 470 3136 summovendum.
491 3097 517 3147 p.
536 3084 585 3133 519
603 3082 650 3137 lin.
671 3086 692 3132 i.
767 3085 826 3135 945.
843 3085 886 3137 46.
906 3083 1091 3154 (Maximiani

12 3159 13 3164 ¹
118 3147 144 3212 1,
162 3150 220 3201 203.
231 3150 257 3210 4,
269 3148 419 3198 secundum
431 3153 541 3198 versum
555 3156 649 3201 tamen
660 3151 773 3202 Maxim.
786 3157 880 3204 noster
894 3154 1021 3206 imitatus
1034 3160 1091 3207 est:

12 3457 17 3574 l

355 3242 378 3292 O
398 3241 457 3292 sols
474 3242 561 3292 fortes
579 3243 743 3308 garrulitate
762 3259 851 3298 senes.

192 3335 251 3386 949.
270 3331 368 3384 Coton.
388 3335 450 3385 dist.
469 3334 492 3399 1,
511 3337 551 3384 10.
570 3350 591 3386 9.
613 3335 639 3389 d.
658 3338 779 3400 cunctis,
800 3354 824 3394 a.
844 3355 865 3389 s.
884 3356 909 3405 p.

191 3419 249 3472 958.
267 3417 348 3471 Ovid.
365 3419 442 3471 Post.
460 3419 483 3482 Ι,
500 3421 532 3470 32

298 3503 480 3568 Erroremque
499 3517 585 3568 suum,
606 3520 659 3569 quo
678 3511 796 3572 tueatur,
815 3507 908 3559 habet.

834 3590 886 3640 11*
