2590 3984
165 146 208 212 56
482 149 543 199 Lib.
561 150 596 202 ΙΙ,
632 163 656 198 v.
674 148 817 196 tto-521.

211 297 334 362 infestat
355 300 485 376 liquidas
506 299 602 361 libera
625 297 724 359 elassis
747 316 847 378 aquas.
1085 307 1136 356 400

167 387 317 466 Spumeus
339 391 371 444 et
393 385 511 446 iorvens
534 394 563 446 et
585 382 622 444 ab
646 384 731 445 obice
752 386 868 444 saevior
890 382 952 443 ibat

211 469 344 549 Objeotis
366 471 466 550 proris
489 472 619 548 impetus
640 466 690 529 ille
713 469 812 530 maris.

169 555 328 634 Accipiunt
351 560 453 615 uentos
477 572 494 613 a
516 562 601 630 tergo
624 552 704 612 mille
727 555 846 613 carinae

212 639 279 699 dam
302 645 441 718 poterant
461 656 578 718 puppes
599 655 695 716 poeno
717 637 817 698 videre
839 637 981 716 Phryges.

169 723 207 784 Et
229 723 323 784 Danai
344 720 476 801 Trojam,
500 741 589 801 quam
611 722 690 782 laura
713 720 830 782 locabat
851 723 882 782 in
906 723 1003 790 astris,
1086 731 1137 782 500

211 804 338 886 Jamjarn
361 808 558 886 prospiciunt,
581 804 793 885 prospiciendo
817 815 936 868 canunt.

169 891 309 952 Nauticus
332 893 464 951 exoritur
486 891 568 951 vario
590 890 770 951 discrimine
788 884 909 959 clamor,

213 975 311 1046 Ridet,
335 993 423 1054 quern
447 975 505 1035 lata
528 977 588 1034 ianr
611 974 768 1037 lacrimosa
790 983 920 1035 manent.

171 1059 317 1120 Providus
339 1061 417 1120 aeria
441 1075 568 1120 cernens
591 1058 758 1138 speculator
781 1057 818 1118 ab
841 1077 910 1121 arce

215 1143 347 1213 Nuntiat,
373 1141 523 1220 Argolicas
546 1145 740 1223 appropriare
762 1150 852 1205 rates.
1084 1152 1136 1201 505

170 1229 320 1289 Adversus
342 1225 462 1305 Trojam
485 1227 602 1288 diversa
625 1227 719 1288 classe
739 1235 879 1307 potenter

211 1312 308 1373 Littus
331 1310 367 1371 ad
390 1311 520 1372 lliacum·
535 1321 624 1372 nauta
646 1311 796 1390 gubernat
816 1313 882 1372 iter.

169 1395 230 1456 Neo
252 1413 351 1466 mora:
376 1395 555 1458 Dardaniam
577 1399 686 1458 tacturi
708 1397 766 1457 iam
789 1413 884 1475 prope
907 1403 1028 1467 terram,

211 1479 361 1542 Clamores
383 1483 543 1558 geminant,
568 1479 671 1542 bellica
694 1481 781 1557 signa
802 1479 910 1541 levant.
998 1498 1000 1504 ’

171 1567 287 1625 Ancora
311 1563 347 1624 do
370 1583 460 1643 prora
480 1565 597 1643 jacitur,
621 1572 679 1625 stat
699 1562 800 1624 littore
823 1566 931 1645 puppis
1084 1574 1138 1622 510

205 1649 306 1720 ‘Vertit
328 1666 488 1710 arenosum
510 1649 621 1712 lamina
644 1647 739 1729 panda
762 1647 868 1710 lutum.

126 1864 127 1868 ¹
211 1877 366 1933 'PROIANI
384 1878 758 2003 DEPENDUNgAblffrIssUS
776 1879 823 1933 ET
841 1877 1090 1936 PROTESILAUS

170 2072 224 2130 Vix
248 2066 325 2128 bene
348 2066 480 2128 desierat
501 2066 679 2146 speculator,
703 2067 827 2130 buccina
850 2068 970 2146 clangit,

211 2153 243 2212 ln
267 2152 418 2212 cumulum
440 2151 568 2230 populus
591 2154 687 2213 omnis
709 2149 741 2212 in
763 2152 839 2216 urbe
862 2155 930 2222 ruit,

170 2237 274 2299 Evolat
296 2255 312 2296 e
334 2237 428 2315 portis
450 2237 653 2316 bipatentibus
674 2237 736 2316 ipsa
758 2235 898 2316 juventus

213 2321 367 2399 Argolicos
388 2321 476 2382 stadii
500 2322 612 2398 pellere
634 2323 693 2382 fine
715 2323 772 2382 sui.
1084 2330 1137 2378 515

168 2407 233 2467 dam
256 2412 357 2466 rector
380 2406 468 2466 datur
490 2407 601 2467 Hector
624 2407 676 2475 eis,
702 2404 738 2468 ad
761 2406 859 2467 littora
883 2414 1017 2477 currunt,

211 2490 319 2569 Ripam
342 2489 514 2559 detendunt,
537 2491 669 2570 undique
694 2488 752 2551 tela
774 2497 874 2552 ruunt.

170 2573 256 2654 Ejicit
279 2574 310 2632 in
332 2573 416 2635 littus
439 2592 472 2634 se
494 2574 676 2636 Protesilaus
698 2583 728 2635 et
749 2575 822 2652 ipsis

211 2658 355 2734 inmergit
376 2657 557 2737 Phrygibus,
580 2675 636 2718 nec
657 2664 741 2719 vacat
763 2666 825 2720 atra
848 2677 963 2720 manus.

172 2743 239 2804 Non
262 2743 310 2802 bio
333 2743 434 2803 uxoris
456 2744 584 2803 servavit
606 2742 695 2804 verba
717 2745 884 2814 monentis;
1085 2751 1138 2800 520

215 2827 297 2888 bella
320 2835 425 2906 gerant
446 2825 504 2897 alii,
529 2826 710 2889 Protesilaus
732 2836 820 2889 amet.

235 3095 294 3147 495.
314 3095 392 3147 ovid
412 3097 501 3146 Amor.
520 3095 559 3158 Π,
578 3097 619 3158 11,
638 3097 682 3146 182

271 3164 346 3226 Ques
365 3161 458 3227 Scylla
477 3162 603 3216 infestet.
621 3177 742 3228 quosque
761 3161 915 3225 Charybdis
934 3177 1031 3228 aquas.

167 3233 228 3286 496.
246 3229 346 3310 ‘Ovidii
370 3235 413 3280 est
435 3229 619 3310 M⁰l⁸¹¹3·..¹¹¹2
638 3232 695 3279 571.
764 3231 823 3284 501.
850 3238 959 3282 nonunt.
978 3235 1083 3282 canunt
1102 3245 1137 3310 erp

167 3295 569 3425 tt‘ttsandt1‚itt¹¹¹¹
594 3296 1137 3430 {illinitiindicitis

167 3431 574 3498 virgiliiestAen.111,2tr.
644 3433 702 3484 oar.
721 3430 802 3486 ovru.
822 3434 888 3484 ner.
908 3433 986 3497 x111,
1005 3433 1046 3483 so.
