2590 3984
186 164 228 228 62
499 165 561 216 uro.
581 164 618 217 11.
656 180 680 214 v.
697 164 842 214 aro-ora.

433 310 509 366 eux
525 309 684 366 666666
701 309 896 366 sunonem
925 265 936 290 ⁸
979 304 983 312 ·

187 419 310 481 Postera
333 416 384 479 lux
406 416 522 486 aderat;
546 414 669 478 Graecis
691 417 876 495 suspendere
899 415 1009 476 bellum

229 502 267 564 Et
289 502 417 582 sepelire
439 519 509 563 suos
531 519 616 562 meus
637 509 713 572 erat,
734 501 824 582 idque
846 511 962 580 rogant,

129 663 132 668 ¹
185 586 402 668 ddjioiuutquo,
426 586 502 647 duos
525 592 558 647 ut
579 588 620 647 sit
642 605 699 666 pax
720 587 804 648 firma
827 604 883 664 per
905 603 1009 646 anuos.
1101 595 1159 646 666

228 673 290 733 Pax
311 671 408 740 datur.
431 669 595 733 intrabitur
617 689 721 733 muoro
742 687 850 732 cruore
873 679 966 732 satur.

188 755 337 836 Plangens
359 754 510 818 subterrat
531 754 701 817 Patroclum
724 764 857 816 moestus
878 752 1018 823 Achilles,

229 839 384 910 Planctum
408 836 603 918 subsequitur
626 838 787 919 exequialis
808 840 915 900 honor.

188 925 343 1002 Magnifice
366 923 472 1004 sepelit
493 927 694 1001 Agamemnon
717 923 913 985 Protesilaum

229 1004 383 1088 Sanguine
405 1010 502 1086 primo
516 1009 667 1090 Phrygum
690 1009 741 1088 qui
764 1006 914 1070 rubefecit
934 1006 1074 1076 humum;
1098 1017 1151 1066 666

188 1095 321 1163 Caetera,
345 1097 421 1173 quae
443 1094 562 1162 cecidit,
585 1091 640 1152 sub
663 1093 773 1172 cespite
795 1091 883 1153 turba
906 1091 1030 1152 locatur.

229 1177 329 1238 Altera
351 1195 421 1256 pars
442 1176 563 1256 liquidis
584 1176 708 1238 vulnera
730 1179 822 1238 siccat
843 1178 938 1256 aquis.

187 1264 318 1341 Corpora
342 1263 389 1322 rix
412 1262 556 1342 quaedam
580 1263 662 1322 lerro
684 1269 827 1322 sanantur
850 1269 946 1330 acuto,

229 1345 377 1407 Auxilium
400 1347 502 1418 multis
524 1363 632 1407 succus
654 1354 685 1408 et
707 1345 800 1407 herba
822 1345 887 1406 luit.

186 1429 315 1492 Vulnera
337 1449 423 1492 saeva
447 1431 534 1492 nimis
556 1425 719 1492 subsanam
740 1446 830 1510 saepe
853 1431 1028 1508 magistrum
1099 1439 1153 1488 666

228 1513 381 1577 Interdum
404 1515 491 1576 docta
513 1516 581 1594 plus
602 1515 682 1576 valet
703 1523 767 1574 arte
791 1513 910 1576 malum.

188 1597 251 1660 Una
274 1596 354 1660 salus
375 1598 441 1660 aliis
463 1598 574 1660 nullam
596 1615 719 1677 sperare
741 1596 877 1669 salutem,

228 1681 274 1744 Nil
296 1691 416 1762 praeter
437 1685 542 1744 mortis
564 1681 729 1763 operiendo
752 1681 870 1762 pedem.

187 1766 262 1829 Pars
284 1784 406 1846 magnas
429 1765 527 1828 lesere
549 1785 646 1847 pyras,
670 1776 700 1828 et
721 1767 751 1826 in
774 1785 843 1827 aere
866 1766 956 1835 nudo,

228 1851 294 1920 Tot,
317 1851 464 1929 siquidem
486 1853 607 1912 fueraut
628 1851 714 1912 busta
737 1859 867 1930 perusta,
890 1850 993 1912 lotam.
1100 1860 1152 1910 666

295 2030 473 2087 murram
492 2029 646 2087 TROIANI
665 2029 821 2088 GRAECIS
838 2030 1035 2086 EXHIBEN'P.

185 2154 296 2215 Hector
317 2153 473 2214 stultitiam
497 2163 640 2234 reputans
662 2161 707 2216 tot
727 2154 807 2216 milia
831 2157 931 2223 morti,

228 2237 287 2298 Tot
306 2255 449 2315 proceres
471 2256 529 2300 666
552 2256 606 2316 pro
629 2238 755 2300 muliere
777 2237 851 2306 dari,
939 2243 948 2252 ‘

188 2322 221 2382 ln
245 2329 361 2384 coetum
387 2329 470 2384 vorat
490 2321 541 2384 ille
562 2323 705 2404 Phryges.
748 2323 865 2384 Venere
886 2326 991 2384 666611.

229 2406 387 2488 Computat
408 2406 566 2469 hesternae
588 2408 694 2469 lunera
717 2407 817 2468 caedis
838 2406 888 2467 ibi.

186 2490 249 2551 Nos
270 2489 413 2554 Helenam
437 2491 607 2560 reddamus,
631 2493 681 2560 ait,
705 2509 759 2552 666
781 2499 887 2571 sponte
907 2492 1052 2568 perimus,
1099 2499 1152 2548 oto

228 2573 371 2637 Maximus
393 2575 424 2636 in
445 2593 519 2654 pace
541 2578 640 2637 vivere
663 2574 742 2636 nolle
764 2576 858 2636 16666.

186 2659 333 2720 Omnibus
354 2659 429 2720 baeo
450 2658 561 2737 placuit
583 2664 738 2729 sententia.
762 2661 890 2720 mittitur
912 2676 985 2737 ergo

228 2742 334 2804 ldaeus
355 2743 480 2811 Graecis
503 2742 688 2805 exhibiturus
711 2763 786 2805 eam.

187 2826 254 2889 Non
275 2826 374 2906 placet
396 2828 527 2888 edietum
550 2828 695 2909 Menelao,
719 2831 828 2907 cogitat
850 2838 949 2890 autern

228 2911 262 2972 16
283 2909 417 2991 jugulum
440 2912 556 2973 Paridis
578 2911 628 2974 ille
650 2932 772 2975 movere
794 2931 909 2974 manus
1099 2920 1149 2969 675

254 3181 312 3231 618.
361 3181 458 3245 Margo
492 3183 622 3248 praebet:
667 3198 723 3247 pex
751 3185 840 3248 prima
866 3180 979 3232 duorum
1010 3195 1150 3232 annorum.

186 3247 245 3300 656.
264 3246 333 3298 cod.
348 3248 500 3304 rubebeeit.
535 3251 594 3301 661.
612 3250 691 3300 ovid.
706 3265 740 3299 ex
751 3251 831 3300 Pont
849 3248 873 3311 1,
886 3252 913 3314 3,
926 3250 966 3303 18.
1000 3250 1060 3300 662.
1073 3249 1149 3312 Virg.

186 3317 253 3366 Aen.
263 3314 299 3375 11,
317 3317 455 3367 3542³una
472 3317 548 3368 66166
560 3316 642 3366 vietis
660 3316 765 3366 nullam
783 3331 893 3382 sperare
912 3317 1039 3368 salutem.
1090 3317 1150 3366 669.

186 3381 306 3445 Epitom.
327 3385 391 3434 639:
412 3398 565 3435 memorans
577 3383 721 3434 hesternae
734 3385 833 3435 lunera
846 3383 949 3438 raedis.
983 3385 1042 3439 676.
1054 3385 1150 3434 missio

186 3448 266 3498 Idaei
284 3463 338 3500 non
355 3449 466 3500 Alborti
482 3449 531 3502 6661
549 3451 747 3515 Epitomotorio
765 3467 789 3505 v.
807 3453 857 3503 688
875 3466 934 3518 sqq.
954 3455 1005 3506 est.
