2590 3984
435 220 498 272 uas.
516 220 566 272 111.
601 238 627 274 v.
646 222 790 275 ace-sse.
1055 222 1096 288 83

131 373 251 435 Somnia
275 390 312 433 ne
334 369 448 441 credes,
473 373 513 433 ait
534 372 652 443 Hector,
676 373 779 435 tallere
802 383 920 444 norunt.

173 457 216 517 lie
239 475 330 538 super
352 456 408 516 hac
432 475 520 518 nemo
534 456 632 519 debet
654 457 765 520 habere
787 459 885 521 tidem.

131 543 236 604 Omnia
259 559 335 622 quae
358 558 447 603 sensu
470 542 628 603 volvamur
649 551 716 606 vota
740 544 857 620 diurno,
1043 555 1094 604 ooo

170 628 296 688 Pectore
317 629 415 705 sopito
438 626 537 686 reddit
559 627 653 686 amica
677 630 769 708 quies

129 713 258 773 Venator
280 711 394 772 defessa
416 710 504 771 thoro
528 729 595 771 cum
618 713 754 773 membra
776 714 902 793 reponit,

172 797 255 856 Mens
279 805 375 856 tamen
399 796 436 855 ad
458 795 556 866 silvae,
580 795 617 856 ad
639 815 691 857 sua
714 797 806 858 lustro
828 798 914 859 redit.

130 881 215 953 Quod
238 880 322 940 timet
344 886 395 940 aut
416 887 517 959 sperat
539 888 589 942 aut
611 880 690 960 quod
714 881 866 946 meditatio
887 883 1005 954 format,

172 964 257 1036 Quod
281 963 433 1044 pausando
454 965 543 1043 J'acet,
567 983 656 1044 saepe
679 965 888 1028 rideresolet.
1043 977 1095 1026 tto

129 1049 260 1128 Femina,
285 1048 409 1129 quande
426 1067 498 1110 suus
520 1049 563 1109 vir
585 1052 617 1109 in
639 1049 839 1112 anxietatibus
861 1051 973 1122 haeret,

167 1133 233 1213 ⁴Hoc
256 1133 386 1195 videtin
410 1134 530 1212 somnis,
554 1135 635 1213 quod
656 1134 804 1212 vigilando
827 1137 921 1198 timet.

129 1217 246 1281 Frivola
268 1215 376 1287 vidisti,
401 1217 575 1279 muliebrem
598 1236 676 1298 pone
698 1222 848 1290 timorem,

168 1303 304 1382 *Flectere
326 1321 385 1364 non
408 1303 498 1364 debet
520 1322 572 1364 cor
595 1301 739 1364 muliebre
761 1305 867 1366 virum.

128 1387 170 1449 Ad
193 1387 344 1449 Priamum
367 1387 473 1456 mittit;
498 1389 544 1448 lac
565 1406 628 1460 rer,
651 1391 727 1468 petit
749 1387 807 1457 illa,
832 1390 957 1450 maritus
1042 1398 1093 1448 375

171 1471 231 1532 Hac
254 1474 319 1532 rice
342 1491 380 1532 ne
401 1473 504 1534 Martis
527 1475 698 1550 experiatur
720 1490 804 1551 opus.

129 1555 192 1618 Rex
213 1555 352 1616 Paridem
373 1555 459 1636 jubet
480 1563 509 1616 et
531 1555 683 1617 Helenum,
698 1557 893 1636 Troilumque
916 1558 1029 1623 vocari:

171 1641 309 1702 Memnon
332 1648 360 1701 et
384 1644 497 1701 Aeneas
520 1644 757 1702 concomitantnr
780 1660 841 1702 eos.

128 1725 185 1785 Vos
207 1727 287 1787 acies
309 1733 416 1804 aptate,
441 1727 543 1794 relect,
568 1744 604 1785 ne
627 1734 711 1786 exeat
735 1726 853 1796 Hector,

170 1795 314 1869 Edeotdm
337 1810 509 1889 capiantur
532 1821 597 1870 mea
619 1810 719 1880 verba,
743 1828 861 1890 precor.
1043 1819 1094 1869 380

194 1971 450 2028 ANDROMAOHE
468 1971 673 2030 DISSUADET
691 1973 838 2028 BELLUM
855 1973 1024 2032 HECTORI.

128 2077 237 2138 Hector
261 2076 297 2138 ad
318 2077 545 2139 Andromachen
568 2080 614 2140 ira
636 2079 786 2140 mediante
809 2082 951 2150 cucurrit,

168 2164 257 2223 Arma
279 2164 414 2241 poposcit
437 2163 561 2223 ethaeo
583 2162 784 2243 obstupefacta
807 2167 898 2225 stetit.

126 2247 303 2325 Astyanacta
325 2248 412 2325 rapit,
436 2256 580 2325 reputans
602 2249 681 2327 quod
705 2249 782 2308 filius
804 2249 854 2309 illo

169 2329 272 2390 Posset
293 2329 330 2390 ab
353 2331 433 2391 dicto
456 2349 508 2391 cor
530 2349 671 2392 revocare
694 2333 797 2410 patris.

126 2414 243 2492 lietegit
264 2413 344 2475 bunc
367 2414 463 2493 ajens:
486 2425 535 2475 tua
558 2417 664 2485 forma,
687 2418 848 2477 tenerrime
871 2413 928 2476 fili!
1042 2425 1093 2476 385

168 2497 288 2570 Patrem
310 2505 488 2579 compescat,
512 2517 550 2559 ne
573 2499 661 2560 modo
683 2499 760 2560 bella
783 2509 877 2578 gerat.

127 2581 166 2642 Se
188 2591 273 2661 pater
296 2583 332 2643 ad
355 2602 483 2662 puerum
505 2583 652 2654 submisit,
676 2602 776 2646 amore
800 2593 925 2662 paterno

169 2666 262 2727 Parvo
285 2676 407 2729 conatus
430 2667 529 2729 oscula
552 2687 641 2747 parva
663 2669 745 2730 dare.

125 2786 327 2794 ——C—

192 2834 250 2884 363.
271 2833 351 2886 Coto.
370 2835 441 2885 Dist.
460 2835 497 2898 11,
517 2837 557 2886 ⁷1.

193 2901 305 2952 Somnio
322 2917 357 2951 ne
376 2916 465 2964 curem
485 2917 547 2956 nom
567 2919 644 2958 mens
662 2904 782 2954 humane
799 2905 871 2968 quod
890 2910 988 2970 optans

191 2968 262 3018 Dum
280 2969 389 3035 vigilet,
408 2974 510 3034 speret,
529 2986 579 3036 per
597 2987 719 3020 somnum
737 2975 825 3022 cernit
843 2971 871 3020 id
890 2974 988 3037 ipsum.

124 3038 268 3088 ooo—368.
287 3037 421 3102 depromti
440 3036 590 3087 Claudiani
614 3039 734 3089 carmine
753 3040 804 3090 XX
821 3055 847 3089 v.
868 3041 942 3091 1-4.
1030 3043 1088 3094 369.

123 3107 165 3154 70.
183 3105 300 3154 imitatio
319 3104 463 3154 claudiani
481 3105 541 3170 XX,
561 3107 631 3171 7-9,

241 3171 327 3222 Furto
346 3171 450 3236 gaudet
468 3187 572 3234 amane,
592 3177 729 3238 permutat
747 3173 843 3224 navita
862 3189 968 3228 merces

275 3239 312 3289 Et
330 3237 398 3304 vigil
417 3238 528 3304 elapsas
548 3241 656 3305 quaerit
674 3255 774 3291 avarus
794 3255 868 3306 opes.

242 3305 404 3370 Blandaque
422 3307 539 3372 largitur
557 3309 661 3360 frustra
678 3308 834 3360 silientibus
853 3310 945 3375 aegris

275 3374 398 3438 Irriguus
418 3374 508 3439 gelido
526 3376 625 3440 pocula
644 3377 721 3426 fonte
741 3391 829 3440 sopor.

120 3443 180 3493 373.
199 3441 358 3492 muliebrem
381 3457 429 3506 pro
450 3442 512 3508 cod.
536 3441 724 3496 m'uliebreme.
809 3447 868 3499 374.
888 3445 1020 3497 muliebre
1039 3459 1088 3512 pro

121 3507 181 3561 cod.
199 3509 323 3559 muliere.
392 3511 450 3563 383,
470 3512 577 3576 litargo.
612 3512 742 3562 Actiones
761 3510 833 3564 filius
850 3513 989 3565 Hectoris.

849 3595 884 3646 61
