2592 3978
533 239 689 292 Praelatio.
1018 247 1094 296 xvn

19 380 24 420 '⁸
124 402 296 476 singerum,
324 394 484 462 libertum,
513 393 806 460 Schoenemannum,
836 386 1095 467 Lappenbergium

125 491 157 543 et
188 482 359 558 liudgerum
395 478 453 557 (die
481 477 557 554 Saga
589 493 655 536 vom
689 473 892 555 trojanischen
922 473 1031 550 llriege
1063 473 1093 530 in

18 597 24 607 ·
125 569 186 628 den
214 565 459 641 Bearbeitungen
479 561 545 622 'des
573 559 757 622 Mittelalters
789 558 850 620 und
879 557 946 618 ihre
974 555 1096 617 antihen

17 634 22 698 i
127 648 266 720 Ouellen.
294 647 427 710 Dresden
445 642 536 723 1869)
560 647 612 724 qui
627 645 762 705 codicem
777 645 875 723 ipsum
891 644 1096 722 inspexerunt,

127 731 269 794 omnibus
303 733 453 810 incognita
489 738 584 790 erant.
641 725 797 789 Cholevius
828 726 1014 806 (deschichte
1045 725 1097 785 der
1206 758 1212 768 ·

133 816 299 878 deutschen
322 817 426 877 Poesie
448 815 470 885 1,
493 834 522 894 p.
541 809 611 892 146)
635 815 755 873 nomine
770 811 863 872 Troili
887 811 1032 871 deductus
1054 808 1097 869 la·

132 901 234 964 bolam
257 899 351 962 Troili
374 909 403 961 et
425 898 603 978 Chryseidos
625 903 792 958 enarratam
816 913 881 957 esse
903 896 980 956 male
1002 901 1096 973 putat,

133 988 268 1062 itemque
285 987 400 1052 amicus
414 991 518 1044 noster
531 983 687 1044 Graessius
703 990 791 1051 errat,
815 981 892 1062 qnod
909 981 1099 1057 (Litteratur-
1218 1009 1224 1015 „

129 1069 304 1148 geschichte
328 1068 369 1136 ll,
393 1065 413 1129 3
435 1087 466 1148 p.
491 1063 561 1142 116)
590 1069 685 1127 citans
707 1064 894 1127 Wernsdorl.
922 1073 1001 1142 poet.
1024 1065 1097 1124 min.

128 1155 163 1214 T.
189 1154 237 1223 ΙΙΙ,
261 1151 292 1213 2.
315 1172 345 1231 p.
362 1148 425 1213 596
447 1149 581 1212 Troilum
604 1167 668 1211 esse
692 1149 802 1211 editum
819 1141 981 1215 contendit,
1006 1164 1097 1228 quum

11 1261 12 1264 ¹
127 1237 180 1298 illo
206 1237 273 1298 loco
302 1235 375 1297 nihil
404 1235 442 1296 de
470 1235 585 1297 hiberti
608 1234 709 1296 Troilo
731 1230 913 1301 inveniatur,
944 1239 973 1292 et
999 1231 1097 1292 locum

128 1320 325 1382 Wernsdorlii
348 1320 394 1389 lV,
418 1339 447 1400 p.
470 1317 548 1388 596,
574 1318 624 1380 ubi
648 1318 905 1400 descriptoribus
930 1316 1001 1377 belli
1022 1317 1097 1376 Tro·

127 1403 193 1484 jani
217 1402 325 1484 agitur,
346 1423 405 1465 non
428 1414 511 1465 recte
534 1406 746 1482 interpretatus
768 1406 817 1463 sit

217 1507 311 1567 Unico
345 1512 457 1566 tantum
492 1505 596 1566 codice
626 1523 745 1565 carmen
773 1511 923 1564 servatum
951 1513 1013 1571 est,
1047 1503 1099 1582 qui

132 1591 226 1651 codex
260 1589 410 1670 quondam
445 1606 539 1669 usque
571 1589 607 1648 ad
641 1603 750 1650 annum
787 1585 869 1650 1332
896 1591 975 1648 inter
1005 1586 1099 1648 libros

133 1675 263 1735 Sanctae
285 1675 394 1735 Mariae
417 1677 448 1734 in
464 1674 612 1734 Bolsatiae
628 1673 709 1735 Novo
724 1673 913 1742 Monasterio,
938 1681 970 1732 ut
992 1673 1100 1732 docent

132 1759 345 1836 inscriptiones
356 1759 470 1838 primae
483 1767 511 1819 et
525 1757 645 1819 ultimae
658 1759 797 1836 paginae:
821 1757 918 1828 „liber
931 1765 993 1818 sete
1006 1758 1099 1817 marie

130 1844 159 1902 iu
193 1844 471 1910 novomonasterio;
499 1840 577 1904 liber
604 1850 665 1903 sete
692 1843 785 1902 marie
812 1842 933 1920 virginis
954 1843 984 1900 in
1009 1859 1098 1901 norro·

129 1928 344 1996 monasterio,“
376 1926 488 1996 luerat,
523 1927 630 1987 deinde
658 1929 688 1988 in
717 1928 896 1987 monasterio
920 1925 1098 1986 Bordeshol·

129 2011 237 2072 reiensi
259 2009 315 2078 sub
338 2012 424 2086 signo
448 2010 482 2071 G.
498 2028 545 2074 nr.
571 2007 609 2072 18
633 2011 697 2088 (cir.
721 2011 844 2089 catalog.
869 2010 1003 2071 biblioth.
1027 2011 1100 2071 Bor·
1147 2045 1152 2048 -

130 2093 274 2169 desholm.
297 2096 326 2154 in
350 2100 453 2155 nostro
475 2093 569 2154 libro:
598 2093 809 2156 bibliothekar.
831 2095 1098 2171 Unterhaltungen.

132 2178 167 2238 N.
197 2177 317 2239 Samml.
349 2196 375 2256 p.
403 2175 455 2257 39)
490 2179 569 2256 quod
597 2179 677 2240 idern
707 2180 763 2243 luit
793 2197 880 2256 quam
914 2179 1099 2242 Novomona·

132 2265 286 2324 steriense.
337 2262 360 2322 E
394 2261 574 2324 bibliotheca
604 2262 877 2325 llordesholmiensi
910 2263 1003 2326 codex
1032 2281 1100 2323 cnm

11 2397 12 2406 ,
133 2344 199 2406 aliis
223 2347 370 2424 (fortassis
391 2347 422 2406 in
445 2346 624 2411 bibliotheca
647 2348 850 2425 Gottorpiensi
873 2347 1042 2426 asservatis)
1067 2349 1101 2406 li·

135 2429 196 2489 hris
223 2431 253 2489 in
285 2430 455 2509 lllarquardi
478 2431 583 2501 (ludii,
615 2434 665 2511 qui
695 2428 903 2493 1671-1678
932 2431 1102 2510 praelectus

24 2551 25 2595 3
132 2511 332 2576 bibliothecae
351 2515 570 2594 Gottorpiensis
592 2525 665 2585 erat,
688 2534 793 2577 manus
808 2519 889 2578 venit
912 2515 975 2591 (clr.
991 2515 1101 2578 Biblio-

23 2625 24 2656 Ι
135 2599 219 2659 theca
243 2598 376 2659 Gudiana
401 2598 511 2672 llamb.
525 2597 616 2661 1706.
641 2619 669 2679 p.
692 2597 756 2663 559
777 2619 824 2664 nr.
849 2598 920 2681 196)
945 2611 974 2662 et
995 2600 1102 2662 biblio·

11 2685 24 2758 )
133 2681 237 2743 thecae
253 2682 421 2742 academiae
437 2683 528 2744 luliae
545 2684 790 2746 helmstadiensis
805 2687 884 2746 inter
899 2689 1101 2765 manuscripta

11 2799 12 2802 κ
132 2767 268 2827 Gudiana
291 2775 489 2847 comparatus,
514 2777 604 2847 atque
619 2769 690 2829 hinc
705 2772 736 2830 in
753 2770 1025 2850 Guelferbytanam,
1050 2771 1101 2830 ubi

132 2869 211 2911 nunc
234 2849 289 2912 sub
312 2853 413 2929 signo:
438 2849 523 2923 „278
539 2853 635 2915 Gud.“
658 2854 839 2925 adservatur,
862 2853 1024 2916 translatus
1046 2865 1101 2920 cst.

216 2967 316 3028 Codex
340 2979 444 3029 noster
466 2970 648 3032 membranis
671 2971 858 3050 octuplicatis
880 2975 1009 3053 scriptus
1025 2975 1100 3034 anti·

132 3066 189 3127 quo
211 3055 365 3129 tegumine
388 3053 523 3132 gaudens
546 3057 678 3117 continet
700 3052 761 3116 162
784 3059 943 3119 recentiori
965 3066 1100 3137 ternpore

129 3144 282 3196 numerata
307 3138 386 3208 lolia,
410 3140 442 3198 in
465 3137 575 3217 quibus
596 3143 654 3201 tria
678 3140 794 3202 diversa
818 3145 946 3221 scripta:

217 3234 244 3315 1)
268 3237 320 3297 iol.
339 3237 372 3298 1a
394 3237 594 3316 fragmentum
611 3241 740 3303 Cornelii
756 3242 879 3322 Nepotis
895 3243 960 3318 (cir.
977 3244 1099 3304 edition.

128 3319 240 3380 bardili
261 3321 297 3390 ΙΙ,
321 3319 386 3384 384
401 3343 445 3403 sq.
469 3331 498 3384 et
521 3325 697 3403 Heusinger.
720 3324 740 3386 l.
763 3325 782 3388 l.
806 3346 836 3406 p.
863 3311 924 3390 125
936 3329 1024 3409 squ).

211 3416 241 3496 2)
267 3419 319 3483 iol.
344 3419 476 3484 1¹²-80b
499 3423 650 3486 Ciceronis
673 3427 823 3489 orationes
845 3428 1028 3508 Philippicae
1043 3429 1099 3490 1-

128 3502 201 3574 lllll‚
227 3523 293 3584 cap.
318 3503 346 3577 9,
371 3525 447 3586 quae
470 3509 590 3569 saeculo
612 3510 770 3571 undecimo
793 3522 931 3573 exaratae
954 3522 1033 3574 sunt.

176 3618 271 3664 Troilus.
875 3614 893 3664 b
