2592 3978
551 207 701 259 Praeiatio.
1059 227 1112 274 vn

148 365 179 418 ct
193 350 472 435 ἅποσπασμάτιον
484 361 619 419 novimus
635 369 663 420 et
677 366 865 420 transcamus
879 362 915 421 ad
932 362 1111 431 ,‚Troilum“

148 458 236 520 quern
260 440 298 501 ab
319 440 442 502 Albcrto
465 443 622 521 scriptum,
654 462 722 504 cum
750 463 785 504 er
809 445 1056 524 inscriptionibus
1078 451 1110 508 in

146 524 246 586 lronte
270 528 362 587 totius
384 527 483 604 operis
506 535 594 604 atque
616 536 684 588 ante
706 529 890 607 prooemium
914 529 1053 609 adjectis:

194 612 359 678 „decessus
375 611 411 685 ‚in
434 609 568 672 Troilum
591 613 724 688 magistri
747 611 881 673 literar

189 689 321 772 „incipit
342 695 527 772 prooemium
542 697 573 754 in
589 695 721 756 Troilum
739 698 872 773 magistri
886 696 999 758 Albcrti
1015 696 1109 759 abba·

233 779 272 838 tis
301 777 426 838 Sanctae
454 777 563 839 Mariae
595 781 625 838 in
653 779 771 850 Stadia,
804 783 856 859 qui
884 789 987 858 postea
1015 783 1112 843 lactus

233 869 278 921 est
299 860 391 923 irater
414 863 533 922 minor‘

147 950 210 1004 tum
233 964 269 1005 111
292 945 356 1006 1111
379 947 519 1008 carminis
548 945 608 1024 (lib.
633 947 670 1006 Vl
692 966 717 1006 v.
742 943 805 1008 670
826 950 904 1027 sqq.)
927 957 1065 1030 apparet:

192 1026 343 1105 „Virginis
366 1047 382 1089 a
404 1039 491 1108 partu
514 1031 571 1091 duc
595 1049 689 1091 annos
711 1029 791 1091 mille
814 1031 959 1093 ducentos

236 1111 272 1173 Et
293 1113 500 1192 quadragenos
521 1114 570 1175 hic
592 1115 732 1176 sociando
755 1133 871 1181 novem.

191 1197 307 1258 Prodiit
327 1199 359 1258 in
380 1196 489 1272 lucem,
513 1205 583 1259 tunc
607 1199 702 1260 editus
723 1198 774 1259 ille
796 1197 925 1270 libellus,

233 1279 326 1351 Quam
349 1284 442 1342 miser
465 1291 511 1342 est
533 1282 661 1343 mundus
682 1284 832 1344 insinuare
857 1281 966 1346 volens.

192 1363 305 1426 Forsan
329 1365 414 1426 adest
436 1365 544 1444 aliquis
567 1366 714 1444 dicetque,
739 1369 804 1446 quis
827 1366 918 1427 edidit
941 1369 1044 1429 illumi

232 1448 291 1509 lsta
314 1451 482 1530 requirenti
503 1449 631 1511 reddere
652 1450 743 1510 verba
764 1458 858 1527 potes.

189 1531 351 1594 Ecclesiam
373 1535 432 1594 seis
452 1535 484 1594 111
507 1534 617 1603 Stadia,
641 1552 729 1613 quam
752 1535 881 1613 protegit
902 1534 963 1605 alis,

232 1615 306 1677 Nam
329 1623 419 1696 caput
441 1626 486 1678 est
507 1618 580 1698 ejus,
604 1620 687 1695 uirgo
709 1617 796 1678 beata
819 1622 892 1680 suis.

190 1699 247 1771 Qui
268 1699 417 1762 scribens:
441 1703 471 1761 in
492 1704 643 1782 principio
666 1701 788 1763 verbum
812 1721 884 1764 caro
906 1705 1018 1766 lactum

230 1783 355 1854 Intonat,
378 1784 461 1846 illius
483 1785 519 1846 ad
542 1786 618 1847 latus
640 1785 690 1846 ille
714 1785 799 1846 volat.

119 1901 126 1910 ·
188 1867 301 1930 Prodiit
323 1887 359 1948 111
380 1869 472 1930 rutilo
493 1887 600 1931 roseus
621 1869 705 1931 locus
726 1869 776 1930 illa
798 1876 907 1939 roseto,

230 1951 360 2032 Ingenua
382 1961 506 2015 matrem
528 1954 682 2016 nobilitate
705 1971 844 2032 sequens.

189 2035 239 2098 Sic
261 2036 396 2099 florendo
419 2041 530 2116 vigent,
553 2048 585 2100 nt
607 2039 708 2108 odore,
732 2037 841 2108 colore,
863 2056 970 2118 sapore

232 2121 389 2199 Nunquam
413 2123 605 2200 degenerent,
629 2124 677 2186 hic
700 2121 795 2183 tribus
818 2122 907 2183 ambo
930 2122 1058 2200 placent.

191 2206 378 2285 splendescit
400 2206 510 2268 virtute
534 2205 626 2274 color,
650 2205 845 2285 doctrinaque
868 2224 993 2285 pascens

232 2289 284 2350 Est
306 2307 394 2368 sapor
417 2298 447 2351 et
469 2290 564 2351 lamae
587 2290 721 2352 balsama
740 2293 854 2369 spargit
875 2290 958 2352 odor.

191 2372 335 2434 1111111111
358 2377 433 2434 nosti
457 2375 616 2444 Tirricum,
640 2377 689 2434 cui
711 2375 793 2434 dedit
816 2373 885 2435 olim

233 2455 382 2519 Ecclesiae
405 2457 501 2519 dictae
522 2461 605 2536 virgo
627 2459 835 2539 patrocinium.

138 2537 144 2550 '
194 2542 245 2603 Cui
267 2544 362 2602 virtus
383 2544 511 2603 animam
534 2542 665 2611 decorat,
688 2543 827 2603 facundia
850 2540 991 2621 linguam,

233 2624 405 2704 llapsilitate
428 2629 512 2696 nitet,
538 2627 664 2688 utilitate
686 2629 771 2686 viret.
1073 2694 1077 2702 ,

193 2709 244 2772 1111
266 2726 336 2769 suos
357 2710 507 2790 quondam
531 2729 591 2771 non
614 2711 737 2772 ultimus
759 2713 837 2772 inter
859 2711 969 2772 amicos

232 2798 306 2855 Ante
329 2793 424 2855 virum
449 2791 547 2864 talem,
571 2797 620 2874 qui
643 2794 712 2855 tulit
734 2793 799 2875 ejus
821 2811 905 2864 onus,

189 2877 288 2939 Edidit
309 2877 389 2938 hunc
411 2886 494 2939 sexto
517 2880 632 2940 linitum
656 2895 758 2941 mense
780 2877 924 2946 libellum,

232 2961 285 3023 Cui
306 2970 404 3023 tamen
427 2962 485 3023 hoc
506 2970 625 3041 tempus
646 2979 775 3042 syncopa
799 2963 888 3023 multa
912 2963 988 3023 tulit.

190 3046 327 3108 Correxit
348 3047 502 3124 pigritans.
527 3047 625 3108 Labor
647 3048 705 3117 hic,
729 3065 817 3126 quam
840 3045 972 3108 scribere
994 3046 1090 3128 major

231 3133 268 3192 dt
290 3139 442 3192 corrector
465 3132 519 3191 ait:
543 3133 609 3212 sint
625 3140 675 3192 tua
699 3133 783 3210 siqua
807 3130 935 3203 valent.“

231 3215 285 3275 llis
314 3214 465 3286 versibus,
497 3232 582 3277 more
609 3214 690 3278 illins
718 3217 835 3285 aetatis,
868 3233 976 3276 nomen
1007 3225 1111 3278 auctor

146 3296 348 3368 abscondidit,
379 3299 457 3378 quod
485 3308 585 3361 tameo
615 3299 691 3362 duce
719 3298 853 3378 catalogo
881 3297 1021 3362 abbatum
1044 3301 1109 3363 Sta·

146 3380 282 3444 densium
313 3383 440 3444 faciliter
463 3384 529 3444 erui
551 3386 661 3463 potuit,
685 3401 752 3445 narn
776 3384 980 3444 Theudoricus
1003 3382 1110 3464 (Timi-

146 3467 209 3546 cus)
233 3467 377 3528 successit
399 3476 503 3529 nostro
525 3468 644 3530 alberto
667 3466 767 3529 abbati
792 3464 882 3530 1242.
927 3467 1111 3532 1111111111-
