2592 3978
221 175 261 240 18
369 211 372 223 „
527 179 591 234 nra.
609 178 632 232 1.
666 193 692 234 v.
711 181 854 256 rat-asa.

263 329 376 390 Debent
398 336 431 390 ut
453 327 503 389 tali
525 331 609 408 virgo
633 330 741 392 decora
763 332 842 400 dari;

219 415 308 476 Facta
332 413 450 492 quidem
472 412 555 475 vobis
578 432 637 475 non
661 425 714 476 est·
729 417 847 486 iniuria,
870 417 1002 495 primum
1137 427 1186 476 225

261 498 376 559 Prodiit
398 516 414 557 a
436 505 534 558 vestro
558 498 758 560 Laomedonte
780 497 888 560 scelus

219 582 361 644 Venimus
383 584 414 642 in
436 599 519 661 pace,
543 583 653 662 repulit
674 601 729 644 nos
752 583 935 644 dedecorosa

261 667 386 728 Nostros
407 666 567 728 intendens
590 667 742 745 exagitare
764 669 842 746 luga.

220 752 298 814 Siste
321 751 461 829 gradum3
485 768 544 811 non
569 759 620 820 est,
644 751 724 831 quod
746 751 808 812 iera
831 754 861 812 in
884 758 1016 828 pectore,
1040 760 1174 831 gratum3

261 837 420 915 Propositi‚
443 835 572 905 rediens,
596 836 740 914 contrahe
762 835 825 896 vela
849 837 904 898 tui.
1136 847 1189 896 aad

218 919 267 980 Nil
289 920 415 981 credens
437 925 545 988 actum,
569 926 629 980 tum
652 919 724 1000 quid
748 929 919 998 superesset
942 920 1089 999 agendum
1231 937 1233 942 ·

261 1006 393 1064 Antenor
416 1003 515 1064 differt
536 1005 685 1065 velificare
710 1005 841 1065 domum.

218 1089 353 1150 Nestoris
375 1088 548 1166 aggreditur
569 1087 752 1160 habitacula;
776 1091 913 1158 nuncius,
937 1090 1043 1169 inquit,

262 1173 304 1233 Ad
327 1180 442 1232 vestros
464 1174 532 1232 reni
555 1171 728 1234 velificando
750 1173 837 1234 lares.

220 1255 375 1337 Supplicat
396 1257 562 1335 Hesyonem
586 1275 640 1317 rex
663 1257 757 1327 reddi,
782 1257 888 1318 damna
912 1256 1039 1317 tacendo
1135 1266 1186 1314 235

263 1341 331 1402 Vult
354 1342 486 1420 reprimi,
511 1341 607 1419 pudor
629 1349 674 1401 est
696 1339 841 1402 ulteriora
862 1339 954 1419 loqui.

219 1426 281 1487 Hac
304 1428 367 1486 rice
391 1427 427 1485 de
451 1424 571 1503 praeda,
596 1425 633 1485 de
656 1427 735 1502 regis
758 1436 854 1486 morte
876 1431 1018 1494 tacemus

263 1509 314 1571 list
335 1527 424 1588 grave
447 1510 526 1586 quod
549 1507 647 1569 doleat
668 1526 902 1570 commemorare
925 1508 983 1570 diu.

220 1594 333 1662 Omnia,
358 1611 412 1652 rex
434 1595 513 1666 dicit,
537 1610 612 1670 quae
635 1602 704 1653 sunt
724 1591 804 1654 illata
827 1592 973 1672 probrose
1190 1655 1195 1664 ,

262 1678 293 1739 si
314 1676 404 1737 luerit
425 1679 508 1754 virgo
531 1675 656 1745 reddita,
680 1679 760 1755 pacis
784 1684 881 1737 erunt.
1136 1685 1187 1736 240
1287 1697 1288 1702 ¹

219 1763 276 1826 Ha!
300 1762 389 1822 nimis
412 1768 467 1829 est,
490 1759 579 1838 quod,
604 1763 707 1830 amice,
731 1761 822 1838 petis!
845 1757 1028 1822 moderatius
1051 1759 1136 1842 opta13

262 1847 306 1908 Sit
329 1844 435 1905 domus
456 1844 610 1924 Hesyonae
634 1844 749 1914 Grecia,
773 1845 882 1906 Nestor
903 1846 953 1905 ait.

220 1930 273 1992 Dic
295 1936 395 1990 tamen
418 1931 544 1998 interea,
568 1946 659 2007 quum
682 1935 711 1990 tc
733 1929 839 1990 tiducia
862 1929 972 1990 nostris
1046 1960 1049 1968 ·

262 2012 418 2092 Appulerit
438 2011 561 2081 laribus,
584 2012 698 2091 pacifici
722 2031 761 2074 ne
783 2015 904 2075 sumusi

223 2097 369 2160 Ulteriora
392 2095 472 2174 loqui
494 2095 591 2174 pudor
615 2105 660 2157 est
682 2095 746 2164 tibi,
771 2097 818 2158 dic
841 2115 904 2176 age,
927 2116 1035 2176 magno
1135 2109 1185 2158 245

262 2181 382 2258 Absque
405 2178 518 2240 rubore
541 2177 621 2260 loqui
643 2198 724 2242 nunc
746 2182 823 2243 mala
846 2192 947 2243 nostra
969 2201 1057 2262 queo.

219 2265 335 2334 Nescis,
359 2283 435 2343 quae
457 2265 550 2325 luerit
569 2264 649 2325 illata
672 2265 819 2327 calumnia
843 2266 963 2327 Graecis

262 2347 328 2412 Iam
352 2357 416 2409 tum
439 2349 568 2428 pacificis
590 2351 622 2409 in
645 2349 805 2411 Simoentis
828 2352 929 2430 aquisl

219 2434 370 2511 Numquid
394 2452 426 2495 es
446 2432 558 2494 oblitus
580 2433 658 2512 quod
682 2434 826 2496 Graecam
848 2453 902 2495 rex
924 2441 992 2496 tuus
1015 2434 1085 2496 olim

263 2519 306 2579 Ex
328 2517 455 2596 Phrygia
477 2516 563 2595 jussit
585 2519 669 2578 ocius
691 2516 737 2578 ire
759 2520 872 2579 ratem?
1135 2529 1186 2578 250

219 2601 336 2666 Excidit
359 2619 393 2661 ex
418 2603 516 2662 animo
538 2601 602 2668 tibi,
626 2601 774 2678 quomodo
796 2610 855 2660 taur
878 2601 977 2664 subito
1000 2622 1053 2665 nos

263 2685 401 2750 Cedendo
425 2686 573 2761 quondam
597 2686 772 2745 sustinuisse
793 2685 912 2762 fugam?
1139 2756 1144 2766 Ι

221 2772 323 2838 Cedas,
348 2788 386 2830 ne
409 2777 539 2830 nostram
563 2778 612 2828 tua
636 2769 771 2828 mordeat
792 2787 903 2830 ancora
925 2778 1037 2832 terram
1071 2774 1075 2780 '

262 2855 383 2924 Ferrea,
407 2871 456 2913 res
479 2852 623 2932 Phrygias
645 2853 757 2915 Graeca
780 2855 892 2915 refutat
912 2855 1029 2916 humus.

220 2940 284 3002 llex
305 2948 375 2999 tuus
396 2945 440 2998 est
455 2939 600 3007 Priamus
624 2937 733 3014 gaudet
748 2955 867 3015 quoque
883 2941 1006 3000 Graecia
1021 2957 1102 3016 rege,
1135 2949 1187 2998 255

263 3027 307 3085 An
330 3023 426 3084 nescis
449 3020 552 3099 longas
574 3021 697 3100 regibus
720 3041 784 3083 esse
807 3023 933 3083 manus?
1164 3043 1166 3048 ·
1287 3027 1288 3032 ’

288 3259 346 3308 226.
365 3255 433 3308 Msc.
451 3260 553 3306 nostro.
622 3257 681 3305 241.
701 3256 752 3306 Or.
773 3271 796 3304 e.
814 3257 893 3309 Pont.
912 3255 936 3319 1,
954 3258 979 3320 8,
1000 3258 1040 3308 tt

272 3325 313 3374 Ah
330 3324 443 3373 nimium
463 3327 514 3385 est,
534 3320 615 3386 qnod,
635 3321 730 3384 amice,
749 3323 837 3386 petis!
855 3322 1026 3376 moderatius
1045 3321 1127 3390 opta:¹

218 3396 278 3446 254.
301 3392 368 3442 Meo.
387 3390 489 3453 repetit
507 3389 641 3453 anchora,
666 3390 726 3439 sine
745 3405 841 3452 sensu,
865 3407 914 3456 pro
933 3407 987 3457 qua
1005 3393 1183 3458 scripsimner

217 3463 322 3514 ferrea.
391 3457 451 3506 too.
469 3455 564 3507 Ovidii
582 3461 625 3508 est
642 3457 757 3509 Heroid.
775 3455 863 3521 XVII,
882 3461 938 3511 166.
