2592 3978
466 183 529 236 nro.
549 183 585 234 11.
614 199 639 239 v.
660 185 751 235 1-as.
1055 183 1097 248 39
1164 217 1169 224 =

148 331 369 389 nxamcmur
391 303 586 386 cremum.
604 330 740 387 morsm
758 330 949 388 sscouuus
965 331 1082 388 arene.

131 458 197 520 Non
219 471 338 532 semper
361 453 452 516 feriet
474 453 673 532 quodcunque
694 452 857 516 minabitur
879 471 977 524 arcus,

174 542 348 618 incoeptum
372 553 459 597 casus
480 554 571 616 saepe
592 536 725 598 retardat
747 556 832 618 opus.

130 628 196 688 lam
219 624 335 702 pridem
358 630 443 700 rapta
466 621 570 682 Castor
593 621 757 701 Polluxqua
779 639 885 684 sorore

130 745 134 747 -
173 713 286 786 Aspera
307 705 452 766 vindicem
475 707 593 767 mittere
615 707 674 766 tela
697 707 829 768 student.

121 793 316 855 ¹Praedonem
338 788 436 851 subito
459 790 572 866 galeata
596 808 669 852 nave
691 798 856 870 sequuntur
1081 801 1097 850 5

173 879 210 938 nt
231 875 343 936 boreas
363 872 422 934 illis
444 874 541 935 obstat
563 882 593 934 et
615 874 695 936 unda
717 877 823 944 maris;

130 962 204 1024 Nam
227 967 386 1040 postquam
407 958 522 1019 solvere
544 965 640 1019 ratem
662 959 700 1018 de
722 958 823 1020 littora
845 957 944 1029 Lesbi,

174 1045 299 1107 llaxima
322 1049 482 1122 tempestas
503 1060 559 1120 per
580 1060 664 1103 mare
683 1041 755 1121 jecit
778 1061 845 1111 cos;

130 1130 180 1191 Sic
203 1139 236 1189 ut
258 1128 422 1189 eorundem
444 1128 566 1202 vestigia
590 1145 649 1188 non
672 1128 828 1207 reperiret,

173 1213 234 1274 llos
255 1211 448 1291 perquisierit
470 1210 593 1273 Lesbios
617 1211 703 1272 turba
726 1211 805 1277 licet.
1066 1223 1099 1272 ιο

130 1298 189 1360 Per
210 1295 348 1376 pelagum
372 1295 469 1356 donec
491 1295 527 1355 ad
549 1294 693 1372 Pergama
717 1305 807 1357 nauta
830 1298 963 1358 marinus

172 1379 282 1442 dnrbos
303 1380 449 1458 quaesivit
471 1397 526 1440 nec
549 1381 698 1458 reperisse
720 1377 796 1440 tulit.

133 1463 246 1527 Fabula
267 1463 424 1524 strdtorum
447 1462 526 1532 locat
547 1465 626 1524 inter
648 1463 747 1525 sidera
770 1464 887 1534 iratres,

173 1550 207 1610 ln
229 1549 365 1627 geminis,
389 1549 481 1617 aiunt,
505 1547 560 1608 bos
581 1548 698 1617 radiare
722 1547 813 1610 vides.

131 1633 189 1705 Qui
212 1634 297 1713 prius
319 1633 462 1699 exoritur.
485 1631 534 1692 bic
556 1630 676 1693 ultimus
698 1632 822 1700 occidit:
847 1636 951 1712 etqui
1066 1643 1097 1692 15
1126 1651 1131 1660 ·

174 1715 305 1780 Ultimus
324 1716 466 1785 exoritur,
490 1716 597 1777 occidit
617 1716 668 1777 ille
690 1716 782 1795 prior.

129 1803 224 1862 lmmo
246 1800 340 1860 Dares
361 1798 508 1879 Phrygius
528 1802 580 1879 qui
601 1799 708 1861 Troica
730 1798 845 1880 proelia
867 1802 985 1880 scripsit

172 1884 294 1946 Illorum
317 1883 399 1945 nulla
421 1884 458 1945 de
480 1902 554 1945 nece
576 1885 687 1964 scripta
709 1885 802 1946 dedit.

130 1971 191 2031 llos
213 1978 279 2031 erat
300 1970 331 2030 in
353 1967 462 2048 Trojac
483 1987 600 2030 memor
622 1968 778 2031 obsidione
801 1970 927 2041 stetisse,

172 2053 248 2114 Sunt
269 2051 307 2116 ab
330 2071 366 2112 eo
388 2053 443 2112 risi
464 2061 601 2133 tempore
622 2057 706 2133 pacis
727 2053 779 2115 ibi
1059 2065 1095 2113 20

129 2139 225 2216 Saepe
248 2136 445 2216 loquebantur
466 2135 606 2216 Trojani:
630 2139 758 2200 vidimus
779 2137 861 2206 illos;

171 2221 208 2282 Et
230 2222 301 2282 satis
322 2220 478 2284 amborum
499 2221 666 2283 disseruere
687 2229 806 2283 statum.

130 2305 280 2366 Praeclari
301 2304 377 2366 lacie
399 2304 561 2368 deductum
582 2324 694 2386 corpus
715 2304 865 2367 habebant

172 2389 308 2451 Caesarie
330 2388 407 2460 davi,
430 2407 557 2469 corpore
579 2409 674 2471 paene
697 2392 772 2471 pari.

128 2472 242 2552 Magnis
264 2471 423 2534 stellabant
444 2473 545 2542 oculis,
568 2473 715 2535 laudabile
738 2472 836 2535 vultus
1060 2483 1093 2534 25

172 2556 268 2637 Hujus
289 2567 320 2619 et
342 2557 546 2621 membrorum
569 2558 635 2619 dico
658 2559 748 2621 luisse
769 2559 870 2620 decus.

128 2709 331 2719 m

194 2793 219 2841 4.
247 2791 314 2842 God.
339 2791 447 2844 Moesia
469 2799 501 2844 ut
523 2799 553 2845 et
569 2795 667 2846 Daras.
691 2799 784 2846 tamen
800 2793 870 2860 Mys.
889 2793 1035 2860 legendum
1057 2796 1092 2845 ob

127 2865 238 2908 versum
255 2859 298 2908 uti
315 2860 401 2910 etiam
417 2861 500 2916 inire.
560 2863 584 2912 6.
603 2861 792 2914 Protbetelae.
848 2865 873 2916 9.
891 2862 958 2913 Οοᾶ.
976 2861 1092 2928 Naupli·

128 2921 177 2975 'eua
188 2929 219 2974 nt
231 2926 325 2977 ambit.
359 2927 391 2978 In
408 2929 532 2993 margine
550 2929 689 2979 scholion:
706 2929 870 2980 Palamedes
888 2928 962 2980 filius
979 2929 1092 3048 Naugli.

128 2994 152 3043 1.
180 2991 293 3045 Horat:
325 3002 368 3045 est
394 2996 426 3049 A.
452 2995 482 3045 P.
506 3011 532 3047 v.
554 2998 613 3048 350.
649 2997 709 3049 Nec
730 3010 839 3062 semper
862 3001 916 3048 etc.
984 2999 1009 3052 2.
1065 3013 1093 3049 v.

125 3058 217 3113 Amor.
235 3059 287 3123 111,
307 3062 350 3126 12,
369 3064 402 3114 18
689 3073 693 3080 ·
956 3105 961 3114 ,

280 3128 410 3180 Phoebus
428 3135 457 3180 at
474 3131 633 3196 incoeptum
650 3129 827 3183 destituisset
844 3145 922 3197 opus.

125 3196 151 3246 6.
175 3192 241 3247 Cod.
260 3199 347 3259 optat.
401 3199 424 3248 7.
451 3197 517 3248 (lod.
536 3197 639 3249 Lesbo.
684 3201 727 3250 20.
745 3197 829 3248 Error
845 3197 970 3261 Albarti3
1000 3199 1091 3251 Dares

126 3275 151 3310 e.
176 3261 207 3310 12
231 3260 312 3325 dicit,
342 3269 488 3329 postquam
506 3265 540 3315 ds
560 3264 677 3317 Castore
695 3272 724 3316 et
741 3265 857 3317 Polluce
877 3267 948 3330 egit,
974 3266 1042 3328 „bos
1061 3282 1090 3318 se

124 3327 242 3391 vidisse,
270 3344 352 3394 quum
375 3331 632 3395 introissemus,
665 3333 766 3399 partim
783 3333 888 3399 proelio
911 3333 1092 3384 iaterfuisse“

125 3395 176 3445 aed
192 3395 373 3462 intelligenti:
392 3397 560 3450 Graecorum
571 3400 808 3464 Troianorumque
827 3399 920 3464 duces,
938 3401 1003 3465 quia
1015 3401 1092 3466 prius

126 3477 150 3515 o.
171 3464 201 3512 11
220 3463 359 3516 interiisse
374 3465 516 3517 Castorem
530 3472 559 3517 et
569 3467 709 3520 Pollucem
724 3475 790 3518 ante
802 3467 906 3518 bellum
917 3473 1090 3519 narraverat.
