2574 3976
195 153 258 216 174
499 155 560 207 uro.
580 154 628 206 vr.
667 169 690 205 v.
710 152 854 209 eae-250.

240 304 362 367 Fallitur
385 308 509 384 augurio
531 324 600 386 spes
622 304 699 367 bona
722 324 811 384 saepe
833 305 922 367 bono.

77 449 80 455 ,
194 389 327 469 Pyrrhus
349 391 385 451 ad
408 390 475 462 hoc,
498 393 567 471 quia
585 389 736 470 displicuit
758 390 902 452 dissuasio
924 389 1049 470 Pyrrho,

195 527 197 534 .
237 474 312 552 Regi
334 476 432 536 vicino
454 474 550 536 stabat
572 482 601 534 et
623 477 686 554 ipse
708 475 790 536 ioco:

194 558 339 619 Providus
361 566 406 620 est
427 559 545 632 Nestor,
569 566 613 618 est
635 561 870 640 circumspectus
892 558 1007 627 Ulixem
1111 571 1165 620 225

238 643 370 704 ltiserete
394 643 531 704 dubitant
553 653 582 702 et
603 643 766 716 dubitando
790 644 903 703 timent.

150 793 152 798 ,
198 727 275 798 tiuid
296 735 414 789 tentare
436 735 532 796 nocet,
555 736 656 789 votum
678 726 764 789 labor
785 727 941 806 improbus
963 727 1068 808 implet

238 816 351 889 Arsque
374 813 442 890 vigil
465 828 586 890 magnas
609 829 698 891 saepe
720 813 870 872 ministrat
892 829 973 889 opes,

194 896 362 957 Neomare
385 898 550 967 transisset,
575 896 699 976 pavidus
721 899 744 956 si
770 905 859 958 nauta
881 896 1001 968 luisset;

197 1029 200 1034 .
236 979 367 1058 angida
391 999 459 1043 curn
481 983 610 1060 primurn
634 981 742 1041 restitit
763 981 843 1041 unda
866 983 931 1042 rati.
1112 991 1164 1041 230

195 1063 219 1126 Ο
242 1065 308 1126 rex!
332 1065 481 1126 interdum
506 1063 591 1126 labor
613 1065 690 1126 altus
713 1063 832 1142 expedit
854 1072 947 1135 aetus,

239 1148 365 1210 Maxima
389 1150 531 1226 segnities
553 1149 709 1210 commoda
731 1148 807 1209 tollit
828 1151 921 1210 iners.

195 1231 464 1315 Quantumcunque
487 1243 580 1314 potes,
604 1233 693 1294 lacito
715 1251 877 1313 properare
899 1232 1043 1305 laborem,

238 1318 299 1379 Nec
320 1336 405 1380 mora
426 1321 527 1396 segnis
550 1337 624 1398 opus
646 1318 763 1379 differat
785 1318 843 1379 ulla
865 1324 960 1378 tuum.

196 1400 327 1483 Tempus
350 1402 385 1464 ad
410 1403 467 1464 hoc
490 1404 640 1480 sortesque
663 1405 741 1463 viros
764 1401 898 1482 fidosque
920 1403 1046 1472 notabis.
1110 1413 1163 1462 235

238 1486 319 1557 Quos
341 1488 439 1549 credis
463 1495 549 1556 tutos,
575 1487 680 1565 effuge,
703 1493 784 1547 tutus
806 1489 875 1548 eris.

196 1569 268 1640 Quis
289 1570 368 1632 bona
391 1574 434 1632 sie
457 1573 515 1631 nisi
538 1573 647 1632 mentis
669 1574 756 1651 inops
780 1570 877 1632 oblata
900 1572 1028 1632 refutet?

238 1654 355 1734 Resque
378 1654 563 1735 laboriperas
585 1655 697 1735 absque
719 1654 822 1717 labore
845 1654 947 1716 datast

195 1738 282 1800 Plebs
304 1739 413 1818 probat
434 1741 501 1816 boc,
524 1741 680 1819 firmatque
702 1739 792 1800 fidem
814 1738 972 1819 laudatque
995 1739 1139 1810 laborem,

237 1823 363 1904 ipsaque
386 1823 466 1884 clara
479 1824 597 1886 ducum
619 1825 723 1885 concio
745 1823 872 1902 spondet
894 1843 993 1904 opern.
1110 1833 1164 1884 240

194 1909 268 1985 Regi
291 1906 464 1988 Polydamas
486 1912 603 1984 signum
627 1908 765 1978 diffamat,
781 1903 823 1969 'ut
843 1906 884 1968 illi

237 1991 354 2061 Norint,
378 2011 436 2072 quo
461 1995 578 2053 veniant
600 2002 745 2071 tempore,
768 2010 886 2072 quoque
909 1993 985 2057 loco.

195 2077 377 2137 Promittunt
398 2095 540 2156 proceres
563 2082 592 2134 et
612 2077 712 2156 jurant
735 2076 938 2156 Polydamanti

238 2159 332 2220 Immo
354 2169 462 2222 vovent
483 2158 618 2221 stabilem
642 2164 722 2238 regis
744 2161 790 2221 ab'
805 2178 857 2222 ore
879 2162 981 2222 fidem:

195 2244 266 2325 Ejus
289 2245 367 2322 quod
390 2244 491 2315 rebus,
516 2245 593 2325 quod
617 2245 727 2314 amicis,
742 2245 893 2326 quodque
914 2245 1089 2325 propinquis
1110 2254 1163 2303 245

239 2327 322 2400 Quod
346 2328 404 2390 sibi
425 2336 562 2390 servetur
584 2331 759 2390 intemerata
781 2329 872 2396 fides;

195 2415 324 2474 Aeneam
348 2412 457 2484 nullus,
480 2416 630 2474 Antenora
653 2431 752 2484 nemo,
775 2413 886 2475 belona
906 2467 908 2474 .

239 2497 332 2558 Nemo
354 2500 493 2576 contigat,
512 2516 605 2559 nemo
628 2515 738 2559 nocere
759 2497 843 2568 relit;

195 2581 357 2642 Incolumis
379 2589 497 2644 maneat
518 2583 615 2644 Iolaus
639 2588 668 2644 et
690 2584 786 2643 omnis
809 2585 840 2644 in
863 2585 918 2643 isto

240 2665 312 2727 Fida
334 2674 434 2727 mente
456 2664 559 2727 volens
581 2668 718 2727 conscius
741 2685 807 2728 esse
830 2667 904 2728 loro.
1073 2675 1164 2728 ,250
1273 2709 1274 2756 3

263 2885 322 2934 222.
341 2884 422 2936 Ovid.
440 2884 555 2936 Heroid.
573 2885 660 2945 XVII,
678 2887 728 2936 234

369 2952 491 3003 Pellitur
509 2953 624 3018 augurio
642 2967 706 3018 spes
724 2955 798 3005 bona
816 2968 897 3018 saepe
915 2968 973 3007 suo.

194 3021 253 3136 3317.
274 3019 326 3070 Or.
346 3019 412 3075 Met.
431 3020 455 3085 1,
472 3023 530 3072 set.
551 3020 614 3087 quid
634 3025 743 3073 tentare
762 3021 884 3072 nocebit.
937 3021 994 3071 228.
1015 3020 1066 3075 0v.
1078 3021 1161 3075 Pont.

239 3088 291 3150 ‚1,
311 3088 359 3137 104

358 3154 418 3205 Has
435 3157 558 3206 Fortuna
575 3156 627 3206 tibi
645 3161 739 3207 nostra
757 3155 895 3206 ministrat
912 3170 987 3221 opes.

195 3221 255 3272 229.
275 3223 316 3272 30.
334 3221 471 3287 Pcmphil.
491 3222 541 3284 ΙΙΙ,
559 3226 583 3276 9.
604 3226 643 3274 10.
714 3225 772 3276 237.
792 3221 884 3275 Guelt.
904 3223 983 3274 Alex.
1001 3223 1047 3281 IV,
1066 3225 1114 3276 571

298 3288 366 3350 Quis
385 3290 440 3340 nisi
457 3290 556 3340 mentis
573 3291 654 3354 inops
673 3290 796 3341 oblatum
814 3295 927 3357 respuat
944 3292 1058 3343 aurumi

196 3357 254 3408 2³8.
275 3354 359 3407 schol.
377 3357 499 3409 laborem
517 3361 655 3422 parantes.
724 3361 782 3412 241.
801 3358 859 3408 cod.
878 3358 937 3410 illo.
