2592 3978
194 159 237 226 52
511 165 574 215 nro.
593 164 628 216 11.
665 180 690 219 v.
707 165 852 216 sse-415.

244 313 380 378 Dedecus
403 324 433 375 et
455 313 595 376 damnum
619 333 678 376 non
702 314 852 376 toleranda
877 314 944 376 tibi:
1101 326 1165 377 esc

203 400 263 461 Cur
285 409 344 459 tam
368 399 518 468 dedecori,
542 418 629 478 quam
652 400 772 479 damno,
795 417 870 477 quae
894 402 1017 464 Graecia
1040 401 1128 463 nobis

241 484 422 552 Promserat,
445 482 563 544 illudis?
606 485 686 546 Haec
709 483 769 545 duo
791 483 880 546 Troia
903 485 978 547 tulit.

195 567 302 630 Nonne
323 577 440 647 patrem
462 577 600 629 nostrum
622 569 736 630 Graeco
758 571 817 630 scis
840 588 905 631 esse
927 571 1116 650 peremtum?

236 652 390 732 Hesyonae
413 659 530 730 raptum
553 649 725 734 servitiique
745 653 868 732 jugum?

196 736 253 808 Qui
275 737 478 816 spoliaverunt
499 737 576 798 hanc
598 737 714 809 urbem,
738 755 838 799 nonne
859 737 993 818 Pelasgii
1113 749 1165 800 300
1277 753 1278 770 ’

243 820 301 892 Qui
324 823 539 899 confregerunt
560 825 686 894 moenia,
709 839 810 883 nonne
832 825 894 884 tuit

198 905 263 966 lloc
286 923 324 966 ne
345 915 542 985 praeteream,
566 909 700 986 potuitne
723 909 816 968 victor
838 907 922 968 abire

238 989 379 1052 Pluribus
401 993 518 1052 amissis
539 1008 594 1051 rex
617 1002 692 1062 tuus,
715 993 806 1052 imroo
829 992 913 1072 capit

195 1073 320 1154 Saepius
343 1075 510 1156 Hesyonem
534 1075 646 1136 trustra
668 1077 878 1157 repetivimus;
901 1085 931 1138 at
953 1084 984 1138 tu

237 1159 307 1219 llico
332 1161 374 1220 vis
396 1160 540 1220 Helenam
563 1167 593 1220 te
615 1164 760 1240 repetisse
784 1170 873 1223 tuam.
1113 1173 1165 1222 395

196 1243 238 1304 De
261 1252 358 1304 vestra
380 1246 463 1305 canis
485 1244 533 1304 hic
554 1244 630 1306 milri
652 1245 772 1325 praeda,
795 1242 917 1308 succine
939 1254 1070 1308 nostram

239 1327 375 1399 Quando,
397 1329 506 1409 quibus
528 1329 575 1390 vel
598 1330 648 1390 ubi
669 1332 846 1392 restituistis
869 1331 953 1390 eamt

198 1415 333 1474 Antenor
355 1414 465 1476 missus
487 1432 504 1473 a
526 1412 613 1474 nobis
635 1433 690 1494 pro
711 1415 876 1494 repetenda

237 1495 314 1567 Quid
337 1497 406 1559 tulit
427 1499 582 1576 Hesyonel
619 1497 773 1560 Scandala.
813 1500 917 1562 Scisne
940 1498 1035 1560 benet

195 1581 307 1642 Retulit
328 1581 379 1642 ille
401 1582 486 1652 nihil,
508 1590 718 1663 praeterquam
740 1582 798 1645 tela
820 1586 983 1651 minarum;
1112 1594 1165 1643 400

239 1665 451 1746 Praeterquam
475 1666 585 1746 probra
609 1666 712 1728 retulit
733 1667 782 1729 ille
805 1668 887 1729 nihil.

195 1748 284 1810 Nunc
305 1751 450 1812 Helenam
472 1753 584 1831 repetis
607 1761 637 1812 et
658 1753 702 1812 vis
724 1761 757 1811 ut
778 1752 814 1812 ad
837 1754 935 1812 oronia
959 1749 1070 1813 nullam

240 1833 353 1896 Oderat
374 1835 531 1897 emendam
554 1837 686 1911 Graecia,
710 1835 800 1917 TroJ'a
823 1855 952 1916 gravem.

198 1917 394 1980 Reddidimus
416 1918 522 1995 simile,
547 1938 597 1981 vos
620 1919 786 2000 Hesyouem
809 1923 958 2000 rapuistis,

238 2001 298 2064 Nos
321 2003 479 2072 Helenam:
504 2006 657 2084 proprium
679 2003 803 2084 pertulit
825 2015 928 2068 auctor
950 2022 1034 2085 opus.
1110 2017 1162 2065 405

196 2085 275 2165 Lege
298 2096 349 2150 tua
363 2091 494 2167 pateris,
518 2107 574 2149 nec
596 2091 676 2150 euim
698 2088 746 2150 lex
769 2093 893 2170 aequior
917 2088 990 2159 ulla;

241 2170 335 2242 Quam
358 2175 442 2235 necis
464 2174 594 2234 artilices
616 2185 680 2234 arte
702 2176 803 2254 perire
825 2191 888 2236 sua.

152 2299 155 2308 .
199 2256 231 2316 Si
253 2266 283 2317 te
306 2259 467 2320 conficeret
489 2256 616 2338 simplex
637 2255 756 2337 injuria,
780 2258 862 2318 nullo

240 2341 443 2404 praecedente
465 2343 553 2414 malo,
577 2360 637 2423 quo
658 2351 796 2423 paterere
818 2343 925 2404 modoi

196 2427 287 2489 ludis
309 2427 346 2488 ab
369 2427 438 2488 inde
461 2429 564 2496 miuus,
587 2435 617 2488 et
639 2425 741 2488 stulte!
764 2426 822 2498 dic,
846 2445 915 2506 age:
940 2426 1059 2498 collum,
1111 2435 1162 2486 410

241 2511 274 2570 Si
295 2510 372 2581 volo,
395 2529 455 2572 non
477 2511 560 2573 valeo
583 2513 704 2590 cingere
726 2521 806 2572 reste
829 2513 930 2573 tuum?

196 2593 363 2656 Verborum
386 2595 502 2675 depone
524 2596 615 2665 lavos,
638 2596 712 2656 haec
733 2597 832 2657 littora
854 2595 967 2675 linque,

239 2680 392 2759 Spernunt
414 2679 568 2756 Argolicos
589 2678 691 2739 limina
713 2689 813 2741 nostra
836 2680 939 2759 pedes.

197 2765 229 2825 si
252 2782 355 2842 pacem
378 2765 497 2835 leceris,
520 2764 569 2824 hic
591 2765 750 2825 invenietis
772 2772 802 2826 et
823 2767 932 2844 ipsum;

238 2850 269 2910 Si
291 2848 415 2928 gladios,
438 2848 553 2928 gladios
574 2851 732 2928 reperietis
753 2851 834 2911 item.
1112 2857 1162 2907 415

194 2987 398 2994 *mm—.-

262 3052 321 3105 38⁷.
351 3049 417 3102 oon,
435 3049 535 3105 illusit.
619 3053 679 3101 402.
708 3067 757 3116 pro
776 3051 836 3104 eod.
853 3049 938 3100 nulla.
1022 3051 1081 3101 403.
1101 3049 1161 3104 eod.

196 3133 317 3184 grauem.
387 3119 446 3168 400.
465 3119 489 3172 l.
509 3117 591 3170 Ouid.
610 3117 662 3168 Ars
679 3133 732 3171 sm.
749 3118 771 3180 1,
789 3118 848 3170 000.
866 3119 900 3168 50

262 3185 360 3236 Justus
376 3190 494 3249 uterque
512 3185 575 3246 luit,
592 3199 684 3249 neque
703 3187 776 3234 enim
795 3184 840 3236 lex
858 3185 972 3249 sequior
989 3184 1050 3236 ullo

297 3253 387 3314 Quum
404 3254 481 3303 necis
499 3250 621 3302 artifices
640 3257 700 3302 orte
718 3253 809 3318 perire
827 3266 886 3302 sue.

194 3322 253 3370 407.
282 3335 315 3370 ex
333 3319 435 3370 Ouidio
454 3325 483 3369 et
499 3319 625 3382 margine
642 3334 691 3384 pro
709 3317 833 3371 artificis.
902 3321 961 3370 409.
981 3319 1033 3374 Ou.
1050 3319 1162 3370 Heroid.

194 3387 297 3447 XVIII,
316 3389 358 3438 44.
376 3402 429 3452 quo
449 3391 507 3451 pot.
526 3386 597 3440 mod.
682 3389 742 3440 410.
765 3386 831 3439 000.
851 3387 936 3438 addit,
1016 3388 1075 3439 410.
1095 3386 1161 3442 eoo.

196 3454 313 3520 glomos,
333 3455 449 3520 glodioo.

1274 3195 1279 3342 l
