2592 3978
222 187 267 254 20
545 189 606 238 nro.
626 190 646 238 r.
682 205 707 243 v.
727 191 870 242 soe-are
957 174 960 181 “

223 343 321 404 luerat
343 341 485 412 Antenor,
510 349 543 403 ut
565 349 683 402 nostras
705 344 769 418 ipse
792 342 927 424 querelas

266 427 378 488 Ederet
401 433 430 486 et
451 443 555 504 pacem
579 426 693 487 reddita
717 429 799 504 virgo
824 427 916 488 daret.
1144 439 1192 488 290

223 511 356 572 Profecit
377 513 508 578 minime,
534 511 605 570 nihil
629 513 798 591 impetravit
821 530 934 582 eorum,

266 597 325 658 Pro
349 590 456 676 quihus
479 594 514 655 ad
539 595 651 656 Graeca
673 594 758 656 litora
781 597 890 657 missus
914 604 993 667 erat;

224 679 361 760 Amplior
383 682 509 741 accessit
530 680 649 750 iniuria,
674 680 864 750 dedecorose,

268 764 414 825 Antenor!
437 763 574 824 domibus
596 771 625 824 te
647 762 786 844 repulere
809 766 882 826 suis

224 849 289 910 Una
312 847 427 910 doloris
449 846 546 910 adhuc
567 857 695 908 nonest
718 847 844 909 obducta
867 849 999 920 cicatrix,
1142 861 1190 910 295

268 933 373 1010 Cordis
395 932 491 992 adhuc
513 933 585 993 laesi
606 933 728 994 vulnera
753 933 843 994 cruda
867 942 997 996 manent.

225 1019 338 1081 Dicatis
359 1019 510 1097 proceres
534 1017 675 1096 quidnam
700 1035 790 1096 super
812 1019 860 1079 his
882 1021 919 1080 sit
942 1019 1116 1098 agendmm-

267 1103 348 1172 Dico,
374 1100 568 1162 merebuntur
591 1103 616 1161 si
638 1120 703 1162 mea
727 1102 804 1163 dicta
826 1102 924 1173 fidem,

225 1185 409 1250 Obstandum
433 1187 527 1258 citius,
550 1203 617 1245 sero
640 1186 784 1248 medicina
807 1195 938 1266 paratur,

268 1273 340 1334 Cum
363 1269 440 1331 mala
463 1288 517 1349 per
539 1270 642 1346 longas
664 1271 816 1332 invaluere
839 1291 946 1333 nroras.
1141 1283 1191 1334 300

224 1357 406 1434 Mutaremus
429 1373 513 1436 opus,
538 1355 573 1415 ad
596 1353 676 1416 nulia
701 1355 775 1416 vaiet
796 1355 874 1416 bona
896 1357 1015 1426 tardus;

268 1441 323 1512 Qui
346 1458 405 1501 non
429 1447 474 1500 est
494 1438 593 1509 hodie,
617 1457 684 1500 cras
707 1442 805 1500 minus
827 1449 914 1519 aptus
938 1444 1002 1502 erit.

225 1523 361 1588 Consulit
382 1527 524 1592 Antenor,
547 1526 624 1584 ierat
646 1524 696 1600 qui
719 1527 848 1584 nuncius
869 1523 920 1585 ilio
973 1543 976 1546 ·

267 1610 377 1672 Ulcisci
400 1608 513 1669 focinus
536 1610 733 1669 strennuitate
756 1627 870 1670 manus.

223 1695 270 1766 Et,
294 1712 346 1754 vos
367 1691 525 1754 indecores
548 1694 606 1752 nisi
630 1693 729 1752 virere
752 1693 829 1754 sorte
851 1692 956 1764 velitis,
1140 1705 1189 1754 305

266 1775 428 1841 Consilium
452 1795 541 1856 super
564 1777 611 1836 his
633 1795 685 1838 vos
707 1793 827 1856 quoque
851 1776 909 1838 tale
933 1775 1036 1840 datis·

222 1864 328 1926 Nonne
350 1864 428 1922 mori
449 1863 565 1930 melius,
589 1879 676 1941 quam
699 1864 789 1922 vitam
811 1862 921 1924 ducere
944 1865 1048 1924 mortis

264 1948 302 2008 Et
324 1964 429 2008 sensus
451 1944 593 2006 memhris
616 1946 777 2025 insepelire
799 1951 871 2010 suis.

205 2031 304 2094 -Poue
326 2047 449 2092 necesse
472 2031 563 2100 mori;
587 2049 669 2092 mors
692 2030 792 2092 ultima
816 2031 895 2094 linea
917 2053 1019 2096 rerum
1177 2102 1180 2107 ,
1289 2105 1290 2116 ¹

264 2115 332 2178 Non
354 2114 514 2175 metuenda
537 2116 617 2186 viris,
642 2134 724 2177 mors
747 2117 820 2178 mihi
843 2125 961 2199 tempus
983 2123 1074 2183 iners.
1140 2129 1191 2178 310
1289 2137 1290 2158 ÷

222 2200 331 2262 Multos
353 2199 517 2262 consumsit
539 2201 664 2277 ignavia,
688 2219 807 2281 semper
829 2204 940 2264 inertes

265 2285 371 2346 Damni
394 2285 555 2364 participes
578 2284 792 2364 dedecorisque
816 2293 945 2348 manent.

222 2371 312 2446 Ergo,
327 2369 391 2440 ¹uiri
415 2371 522 2430 sortes!
546 2373 684 2432 strictum
707 2371 862 2450 producite
886 2369 1011 2441 ferrum,

265 2455 359 2516 Ferro
381 2471 462 2514 nunc
484 2452 642 2534 Phrygiam
664 2456 848 2534 magnificate
870 2473 1001 2517 manum.

222 2539 277 2600 Hie
298 2536 383 2598 labor
405 2546 439 2597 ut
460 2541 566 2599 merita
591 2547 691 2617 tangat
712 2539 840 2601 vindicta
862 2539 1010 2618 Pelasgos,
1138 2551 1188 2600 315

266 2623 387 2684 Discunt
408 2621 560 2684 insolitum
583 2630 682 2684 nostra
705 2641 863 2701 perarma
887 2627 1002 2701 iugum.

222 2707 346 2769 Hector!
369 2714 401 2767 tu
424 2708 571 2768 maiores
594 2715 674 2776 natu,
697 2725 781 2768 sume
804 2705 937 2770 laborem

265 2791 360 2872 Hujus
382 2793 535 2870 propositi,
559 2789 653 2852 laetus
677 2793 706 2852 in
730 2809 811 2853 arma
834 2794 910 2854 veni.

290 3012 348 3062 299.
365 3012 424 3062 300.
453 3009 548 3060 Ovidii
570 3010 683 3063 Remed.
702 3013 748 3074 et,
772 3013 804 3062 92
828 3013 876 3074 qui
895 3014 999 3061 tamon:
1023 3012 1190 3078 „principiis

222 3077 333 3141 obata“,
360 3081 389 3128 et
416 3077 622 3140 ‚‚c0nrsluere“
649 3077 741 3128 habet.
828 3080 886 3129 302.
910 3077 991 3128 Ovid.
1015 3078 1126 3132 Romed.
1145 3083 1189 3132 94.

221 3148 282 3199 307.
301 3147 325 3196 8.
344 3144 535 3208 Maximiani,
553 3146 604 3196 265
622 3160 663 3210 sq.

424 3211 513 3262 Morte
531 3213 600 3262 mori
617 3211 726 3274 melius,
747 3225 828 3276 quom
846 3212 933 3264 vitam
952 3217 1004 3264 etc.

458 3279 495 3329 Et
513 3294 610 3330 sensus
628 3278 758 3330 membris
775 3279 925 3346 insepelire
944 3282 1010 3333 suis.

221 3349 282 3399 309.
301 3347 401 3397 Horat.
427 3347 509 3411 epist.
529 3346 556 3406 1,
581 3347 621 3407 to,
642 3348 683 3398 79.
769 3349 827 3402 310.
846 3347 897 3399 Or.
919 3365 943 3400 e.
961 3349 1041 3400 Pont.
1059 3349 1085 3406 I,
1106 3351 1136 3413 5,
1154 3351 1191 3399 44
1289 3351 1290 3374 ³

222 3441 254 3451 -
273 3439 306 3451 ·-
324 3428 398 3464 more
419 3413 500 3464 nobis
521 3417 629 3479 tempus
647 3411 767 3466 hebetur
783 3416 867 3468 iners.
952 3417 1011 3468 313.
1031 3431 1046 3466 e
1064 3417 1190 3482 margine

221 3496 271 3548 pro
289 3481 423 3546 prouoito.
