2592 3978
175 164 219 228 26
322 203 324 206 .
495 166 558 216 nio.
577 165 600 220 1.
635 181 661 216 v.
679 167 822 216 coa-492.

173 318 234 378 ilio
255 315 493 386 merolilanus,
516 315 564 377 hic
585 334 656 378 vera
679 316 829 396 pericula;
852 335 953 396 quare,
1094 326 1144 376 465

221 401 314 472 Onam
338 401 403 461 lieri
426 419 539 471 servus,
564 402 624 462 otia
646 400 724 462 malo
748 402 840 480 sequi.

177 485 315 547 Libertas
336 503 391 564 per
414 485 501 547 dulce
525 484 637 546 bonum
662 484 739 546 bona
762 493 861 547 cetera
884 485 995 555 condit,

212 571 294 641 ilua,
318 571 369 646 qui
392 569 562 639 divaserit,
586 570 676 630 ditior
699 587 763 630 esse
786 571 898 649 nequit.

338 748 499 804 PRIAMUS
516 749 696 804 PAN'PHUM
714 747 981 804 REPREHENDIT.

177 873 215 934 at
238 873 372 932 Priamus
395 869 474 932 bello
496 871 605 949 gaudet
627 878 798 933 constanter
820 878 850 932 et
872 881 959 950 urget

221 952 412 1035 Propositum
435 959 542 1016 mentis
566 955 759 1036 enucleatque
782 974 877 1016 suum.
1095 964 1146 1014 470

180 1042 257 1110 Non,
281 1041 330 1109 ait,
353 1041 384 1099 in
407 1046 507 1100 mente
530 1043 676 1102 constanti
700 1040 756 1101 tela
779 1042 894 1101 timoris

223 1122 371 1192 Fabricat
394 1125 426 1183 in
449 1125 548 1202 fragili
571 1123 651 1186 bubo
674 1125 818 1203 propheta
841 1123 920 1186 mali.

179 1208 240 1270 Nos
261 1211 352 1268 istum
376 1217 479 1279 vatem,
503 1227 557 1268 nos
578 1227 687 1270 vanum
709 1211 878 1288 spernimus
902 1227 999 1279 omne,

223 1293 321 1353 Solius
345 1300 390 1352 est
412 1292 568 1370 proprium
590 1297 669 1354 scire
691 1294 791 1356 lutura
814 1294 871 1354 dei.
956 1289 975 1366 Ὺ

178 1377 276 1456 Saepe
298 1377 456 1454 tangamur
479 1379 508 1436 in
531 1377 639 1449 multis,
664 1396 752 1458 saepe
774 1378 899 1464 molesta
1080 1385 1147 1434 *4⁷5

224 1461 358 1522 Sustinet
379 1478 395 1519 a
419 1461 540 1523 Graecis
562 1462 654 1546 Troia
675 1464 801 1524 remissa
824 1457 922 1522 minis.

180 1545 311 1606 Exacuat
331 1544 460 1605 uindicta
483 1563 597 1620 manus,
621 1541 793 1606 constanter
815 1549 845 1605 iu
868 1545 918 1605 ilia

225 1629 407 1698 Perstemus,
431 1647 520 1708 quam
542 1632 601 1690 iam
624 1633 776 1706 coepimus
797 1631 843 1689 ire
863 1633 951 1690 viam.

177 1714 279 1792 Turpe
301 1713 417 1774 referre
439 1712 556 1790 pedem,
580 1731 636 1776 nec
658 1732 746 1793 passu
770 1724 850 1774 stare
873 1717 982 1783 tenaci,

223 1798 324 1876 Turpe
347 1798 439 1857 semel
463 1805 571 1858 tactum
594 1800 797 1876 postposuisse
818 1795 926 1858 locum.
1097 1806 1149 1856 480

179 1884 239 1942 Aut
261 1898 413 1959 nunquam
436 1888 532 1942 tentes
555 1892 605 1942 aut
627 1881 745 1960 perfice.
790 1881 895 1942 Nonne
918 1881 1089 1959 loquentur,

223 1965 331 2026 Troica
354 1965 537 2024 Graecorum
559 1973 691 2026 transeat
713 1967 797 2026 hasta
817 1963 912 2044 jecur.

180 2047 271 2110 audit
294 2056 323 2109 et
346 2046 402 2108 hoc
425 2047 515 2109 audet
536 2067 699 2128 ausumque
723 2050 882 2110 sonoribus
905 2056 1002 2127 auget,

225 2132 262 2193 lit
287 2129 371 2192 ducis
395 2131 490 2191 edicto
513 2132 601 2211 Troja
625 2143 728 2210 parata
750 2135 837 2194 lavet.

178 2216 266 2278 Tolle
289 2234 396 2286 moras,
421 2216 512 2287 aiunt,
536 2220 638 2278 nocuit
660 2218 779 2278 differre
803 2219 930 2296 paratis;
1099 2226 1149 2276 485

225 2301 385 2364 Dimidium
409 2301 476 2362 lacti
499 2303 550 2379 qui
573 2301 649 2362 bene
672 2303 779 2379 coepit,
803 2299 902 2362 habet.

182 2387 300 2447 Decreti
322 2386 407 2446 trahe
429 2386 492 2446 vela
515 2387 569 2462 tui,
591 2387 756 2466 peribimus
779 2403 892 2455 omnes,

226 2471 320 2532 Offert
342 2489 374 2529 se
398 2477 464 2530 voto
487 2473 582 2548 patria
604 2478 665 2532 tota
688 2479 747 2531 tuo.

181 2553 288 2614 Grates
310 2571 363 2613 rex
386 2555 502 2632 peragit
524 2562 554 2614 et
576 2563 694 2616 coetum
717 2555 823 2616 concio
846 2553 942 2613 solvit.

225 2637 370 2698 Insistunt
392 2639 486 2715 operi,
510 2638 543 2697 fit
565 2656 647 2697 mora
671 2637 751 2697 nulla
774 2636 863 2696 labri.
1099 2643 1150 2694 490

182 2720 388 2797 Procumbunt
410 2723 523 2799 piceae,
547 2731 632 2780 sonat
654 2724 712 2780 iota
736 2717 890 2780 securibus
913 2717 982 2790 ilex,

176 2881 178 2887 Ι
229 2806 320 2867 Conni
342 2811 515 2864 sternuntur
537 2805 749 2883 fraxineaeque
772 2802 881 2863 trabes.
913 2843 914 2846 κ

252 2973 311 3024 465.
330 2986 345 3022 e
363 2971 488 3037 margine
506 2987 555 3036 pro
573 2972 678 3022 misera.
747 2973 806 3025 467.
823 2970 910 3026 Anon.
928 2970 1024 3022 Nevel.
1042 2987 1070 3036 p.
1092 2973 1150 3031 526,

183 3055 210 3094 v.
229 3042 253 3090 9.
339 3041 398 3092 468.
416 3042 503 3092 Anon.
525 3039 622 3090 Nerei.
645 3055 671 3104 p.
696 3040 746 3089 525
764 3053 789 3092 v.
808 3039 850 3088 12.
939 3039 998 3093 474.
1015 3037 1151 3104 Pamphil.

184 3105 297 3167 XXXV,
316 3108 340 3159 2.
391 3108 450 3157 479.
469 3106 562 3157 Ovidii
580 3111 622 3157 est
640 3121 674 3156 ex
686 3107 766 3156 Pont.
778 3105 815 3168 11,
829 3108 853 3169 6,
864 3107 907 3155 21.
957 3105 1151 3158 acolmirotio

185 3173 266 3224 ovid.
284 3173 351 3226 ibid,
369 3189 396 3224 v.
415 3175 448 3224 22
465 3174 555 3240 Turpe
573 3173 749 3225 laborantem
766 3173 923 3224 deseruisse
940 3177 1038 3228 ratem.

183 3243 244 3296 481.
263 3240 366 3292 Similis
385 3240 464 3296 ovid.
482 3241 534 3292 Ars
552 3241 610 3292 Am.
628 3241 651 3304 Ι,
670 3242 720 3292 389
745 3263 748 3269 ·

432 3309 488 3359 Aut
505 3325 561 3360 non
578 3309 705 3371 tentaris,
725 3313 773 3358 aut
789 3306 899 3374 perfice.

184 3376 244 3426 485.
262 3375 369 3427 Lucan.
388 3375 411 3441 1,
430 3378 489 3429 281.
539 3377 597 3427 486.
613 3377 680 3427 Hor.
698 3375 749 3442 Ep.
768 3378 790 3439 1,
808 3379 832 3436 2,
850 3378 892 3428 40.
912 3375 1005 3427 dimid.
1023 3375 1071 3440 qui
1088 3389 1152 3426 coe·

185 3444 227 3508 pit
244 3442 339 3494 habet.
410 3446 468 3496 491.
488 3446 530 3500 92.
548 3443 660 3512 Virgilii
676 3445 797 3495 imitatio
816 3444 885 3498 Aen.
902 3443 951 3495 VI.
970 3443 1027 3494 180.
1046 3443 1103 3494 181.
