2592 3978
483 181 545 236 Lib.
564 183 585 237 Ι,
615 198 640 234 v.
659 183 768 235 59-87.
839 209 840 216 κ

361 328 502 385 TANGIT
519 330 702 395 QUANDAM
719 331 901 387 FABULAM.
971 287 973 290 Ι

147 455 290 534 Vipereos
313 452 418 514 dentes
439 455 470 514 in
493 451 616 515 humum
641 472 695 532 pro
717 454 829 515 semine
852 458 957 528 iactos,

188 539 225 600 Et
246 537 345 599 subito
368 544 453 599 natos
476 555 556 599 arma
578 537 682 600 tulisse
705 541 799 599 viros:
1080 552 1114 602 60

145 624 325 702 Terrigenas
347 621 484 703 populos,
508 623 587 683 civili
610 623 704 683 Marte
726 633 911 705 peremptos,

187 709 267 769 Ense
289 709 340 788 qui
363 709 482 770 strictas
504 725 686 770 conseruere
709 726 824 778 manus,

144 793 266 854 Medeae
288 792 393 862 studio,
418 792 519 854 credat
541 792 650 854 ludens
672 791 788 872 Apella3
946 846 957 873 ι,
1036 865 1039 872 ¹
1069 787 1115 874 l„

189 877 254 938 Non
278 895 333 957 ego
356 880 423 939 ficta
446 877 576 958 quidem,
600 877 659 938 non
683 896 717 938 ea
740 877 815 939 lacta
839 879 911 940 scio.
943 857 1069 940 iilum
1108 869 1114 880 ‘

146 961 204 1024 Sed
227 964 251 1023 si
273 962 392 1024 Medeae
415 965 516 1041 rapuit
537 963 681 1023 tutamine
703 960 810 1042 pellem
1078 973 1112 1024 65

188 1047 240 1109 Vel
262 1047 391 1128 propriis
413 1057 528 1109 tantum
552 1046 675 1118 viribus,
699 1050 763 1125 ipse
785 1049 869 1109 sciat.

147 1130 231 1193 Hanc
253 1134 353 1211 rapuit
375 1132 437 1202 sed,
462 1151 494 1194 ea
519 1149 697 1211 quocunque
719 1131 775 1193 snb
798 1134 897 1194 omine
919 1141 1014 1214 rapta,

188 1217 261 1278 Cum
284 1217 395 1297 praeda
420 1218 508 1278 rediit
531 1219 671 1296 protinus
691 1216 742 1278 ille
765 1236 828 1278 sua.

289 1380 494 1436 LAOMEDON
512 1381 588 1436 CUM
605 1379 741 1436 MULTIS
761 1381 967 1438 nocturnum

144 1505 261 1568 Acriter
282 1502 459 1565 Herculeam
482 1504 635 1566 succendit
657 1505 748 1565 laesio
772 1512 901 1565 mentem

188 1588 289 1651 Pridie
313 1607 379 1649 cnm
403 1591 485 1651 socio
509 1591 617 1650 iasone
640 1589 715 1650 iacta
739 1592 811 1658 viro,

147 1673 272 1747 Quando
295 1675 357 1734 suis
379 1674 432 1734 hos
454 1673 622 1736 Laomedon
647 1675 749 1735 effudit
773 1673 810 1734 ab
833 1676 895 1735 oris

175 1758 311 1838 'Pellene
334 1758 483 1821 advectam
507 1777 566 1819 non
589 1762 656 1820 sine
679 1777 752 1837 paee
775 1767 878 1820 ratem.

145 1843 241 1905 Meros
263 1843 406 1913 incendit,
429 1850 463 1904 ut
485 1862 548 1905 rem
572 1843 704 1905 declaret
726 1845 837 1913 amicis,

191 1926 271 1999 Quos
294 1934 377 2007 putat
400 1927 569 2006 obprobriis
592 1926 782 1990 condoluisse
804 1930 875 1990 suis.

146 2012 328 2092 aggreditur
350 2023 549 2093 properanter
572 2032 624 2075 eos
647 2014 817 2093 ubicunque
840 2021 994 2076 morantur
1068 2023 1113 2073 to

189 2098 351 2177 Exponens
375 2099 466 2159 enimi
489 2098 601 2159 fervida
624 2106 689 2159 rota
713 2098 768 2159 sui.

147 2182 285 2263 Spartam
306 2183 451 2262 pervenit,
474 2182 579 2244 Pollux
602 2191 631 2244 et
654 2183 758 2245 Castor
781 2183 877 2244 eidem

190 2267 229 2328 Se
251 2267 396 2346 praebent
417 2275 447 2328 et
469 2286 544 2347 opus
565 2266 708 2329 auxiliare
730 2276 846 2329 vovent.

147 2350 191 2413 nd
214 2351 312 2414 Pbtias
335 2353 479 2413 convertit
501 2355 567 2423 iter,
590 2351 770 2432 Peleumque
792 2354 932 2432 requirit,

192 2435 249 2508 Qui
270 2435 356 2498 miles
378 2436 502 2498 validam
527 2438 653 2515 spondet
675 2439 790 2516 etipse
812 2454 943 2498 manum.
1079 2446 1113 2496 80

146 2519 240 2590 Fecit,
264 2532 293 2582 et
315 2521 385 2582 hinc
407 2521 474 2584 navi
496 2524 577 2582 venit
600 2523 688 2582 etiam
712 2522 741 2581 in
765 2520 944 2583 Salaminam

191 2605 255 2666 Hoc
277 2607 312 2667 ad
335 2607 521 2687 propositum
544 2605 704 2668 sollicitare
726 2608 832 2667 virum.

147 2689 220 2751 lude
243 2691 347 2770 Pylum
371 2691 466 2752 tendit
487 2710 542 2771 pro
565 2691 699 2763 Nestore,
722 2691 829 2753 Nestor
850 2693 883 2752 in
905 2691 957 2753 illo

189 2775 314 2854 Magnae
338 2776 526 2838 commendat
548 2778 734 2839 strenuitatis
756 2794 841 2855 opus,

145 2858 295 2920 Auxilium
317 2863 389 2922 totis
411 2862 560 2941 promittit
582 2859 698 2940 viribus
703 2881 710 2932 ;
734 2859 784 2922 ille
1080 2870 1113 2920 85

188 2944 232 3006 Ad
255 2964 308 3007 sna
331 2953 409 3008 tecta
431 2947 510 3008 redit
531 2948 917 3026 propositumque-premit.

148 3028 311 3109 Praeparat
332 3041 421 3111 atque
443 3041 523 3093 rates
545 3038 592 3092 ter
614 3033 729 3111 quinas,
753 3037 910 3111 praeparat
932 3049 1013 3093 arma

146 3165 349 3182 ....—„.-..

215 3234 324 3288 att-61.
344 3233 424 3286 Ouid.
443 3234 556 3289 Heroid.
573 3234 620 3294 1v,
639 3237 732 3286 33-5.
802 3235 843 3287 62.
867 3231 948 3287 Ovid.
965 3235 1032 3288 Her.
1050 3233 1113 3299 XII,

147 3300 197 3350 100
224 3301 302 3352 Inter
325 3316 355 3352 ee
379 3302 493 3352 strictas
518 3318 681 3353 conseruere
703 3316 807 3355 manus.
877 3303 918 3352 71.
941 3301 1009 3353 Mac.
1027 3301 1111 3352 horis.

146 3367 189 3420 72.
217 3367 328 3433 Margo:
360 3370 425 3434 quie
454 3369 563 3436 pacifici
586 3376 722 3422 venerant
747 3375 839 3420 tamen
867 3385 916 3435 pro
944 3369 1016 3434 pelle
1039 3371 1115 3422 ituri.

145 3436 188 3490 79.
217 3435 284 3487 Meo.
311 3435 430 3488 Phitiee.
454 3439 561 3504 Margo.
583 3444 691 3504 patrem
713 3436 838 3488 Achillis.
907 3439 949 3488 80.
967 3437 1035 3488 Mac.
1054 3437 1114 3488 Cui.

145 3504 189 3555 81.
208 3501 318 3572 Margo:
336 3505 385 3558 nbi
402 3507 533 3557 manebat
550 3505 689 3557 Telamon.
