2592 3978
1102 191 1123 256 5

219 346 284 408 Nou
306 353 431 426 propter
454 344 574 424 'frojam
598 344 761 424 Trojanum
783 344 916 406 scribere
940 343 1057 408 bellum
1093 319 1110 391 7

260 432 318 492 Aut
340 431 501 509 Phrygium
525 432 611 509 coepi
634 429 795 491 sollicitare
818 429 935 511 stylum,
1003 471 1007 481 ·
1096 431 1101 486 l

218 516 276 578 Sed
299 516 406 578 ductus
427 515 551 577 meliore
574 517 619 576 via
642 533 832 595 compescere
854 533 962 595 pravos
1062 515 1065 519 ’

260 601 296 664 m
317 618 438 662 servare
461 600 509 661 dei
532 599 592 661 vult
613 602 644 660 iu
668 619 769 662 amore
791 601 866 680 pios.

217 687 307 748 Grata
331 684 459 749 medulla
480 684 555 748 latet·
575 687 656 746 omni
679 684 868 747 sub-cortice
891 703 992 746 rerum

260 771 297 834 Et
318 771 458 833 nucleum
480 769 558 832 celat
579 771 662 832 arida
685 779 760 832 testa
782 770 905 832 bonum.

219 856 278 917 Nos
301 855 388 918 docet
409 855 543 917 Herodes
566 857 643 916 sicut
666 855 793 935 baptista
816 853 947 918 Joarrnes

96 971 100 982 ·
172 938 176 942 ’
261 941 367 1003 Erudit
389 939 440 1003 ille
462 941 565 1010 bonos,
589 942 708 1002 territat
729 940 779 1002 ille
802 941 918 1015 malos„

240 1027 329 1088 Teste
353 1027 440 1088 etiam
456 1024 614 1087 Aristotele
637 1026 747 1087 malum
772 1038 830 1086 non
846 1034 944 1106 potest
961 1027 1046 1089 vitari
1061 1030 1121 1089 nisi

154 1113 324 1192 cognitum:
348 1110 426 1172 malo
450 1111 597 1192 siquidem
620 1112 738 1190 cognito
762 1109 831 1172 lelix
854 1120 899 1172 est
922 1112 972 1190 qui
995 1110 1123 1173 declinat

153 1217 170 1259 a
194 1196 271 1258 malo
294 1205 324 1258 et
345 1196 416 1258 lacit
438 1196 549 1258 bonum
574 1203 604 1256 et
626 1198 677 1275 qui
699 1195 824 1259 aliorum
847 1197 949 1258 casum
972 1196 1031 1258 sibi
1051 1215 1122 1258 con·

153 1283 250 1345 stituit
273 1283 502 1344 firmamentum.
547 1278 716 1360 Horatius¹)

220 1367 314 1437 Felix,
339 1385 427 1448 quem
450 1367 564 1428 iaciunt
586 1367 681 1427 aliena
703 1365 835 1443 pericula
859 1375 978 1428 cautum

153 1461 183 1514 et
205 1452 345 1531 Virgilius
370 1451 493 1533 [Georg.
517 1452 552 1520 ll,
574 1447 639 1513 490
661 1446 737 1536 sqq.]

219 1536 303 1599 Felix
326 1539 375 1614 qui
397 1539 494 1618 potuit
515 1553 618 1598 rerum
641 1553 823 1615 cognoscere
847 1553 963 1605 canses;

217 1625 312 1700 Atque
334 1630 432 1683 metus
455 1638 558 1683 omnes
581 1630 612 1682 et
633 1619 817 1684 inexorabile
840 1619 932 1683 latum

218 1707 350 1786 Subjecit
372 1706 513 1785 pedihus;
603 1723 607 1729 ·

239 1791 324 1854 Unde
354 1800 384 1853 et
410 1790 488 1853 liber
516 1793 571 1852 iste
599 1791 694 1852 ethice
717 1793 861 1865 sumitur,
890 1792 958 1868 quia
981 1792 1051 1852 vitia
1074 1811 1123 1852 re·
1173 1835 1176 1842 -

154 1867 345 1958 prehendens
369 1886 398 1939 et
421 1875 457 1939 ab
481 1876 527 1938 his
550 1877 700 1938 auditores
723 1876 894 1938 absterrens
909 1877 990 1955 ipsos
1011 1876 1048 1937 ad
1065 1879 1124 1936 vir·

154 1971 250 2024 tutum
273 1963 415 2024 exercitia
439 1960 621 2023 cohortatur.
668 1960 870 2039 Reprehendit
891 1963 970 2022 enim
993 1962 1023 2021 in
1042 1961 1122 2024 Pella

154 2046 309 2116 invidiam,
332 2049 363 2108 iu
387 2045 494 2108 Paride
517 2055 547 2108 et
567 2046 682 2109 Helena
704 2045 908 2126 petulantiam,
933 2049 965 2107 in
987 2063 1123 2127 pugnan-

154 2131 234 2193 tibus
256 2130 475 2200 trueuleutiam,
500 2133 530 2192 in
552 2130 711 2194 Palamede
726 2132 929 2201 ambitionem,
953 2132 983 2192 in
999 2130 1123 2193 Hecuba

155 2217 357 2287 dolositatem,
387 2217 418 2277 in
446 2220 545 2278 Aenea
574 2223 603 2276 et
631 2218 723 2278 sociis
750 2219 811 2277 suis
834 2215 989 2297 perlidiam
1012 2225 1042 2278 et
1064 2223 1123 2277 tra·

156 2301 313 2371 ditionem,
337 2302 367 2362 iu
391 2310 519 2378 utroque
542 2303 675 2362 exercitu
699 2303 785 2373 iram,
810 2301 911 2362 odium
934 2302 1124 2362 ellurorem.

155 2387 194 2448 Et
221 2405 257 2448 ex
283 2385 339 2447 hoc
362 2387 480 2447 ethicae
503 2387 609 2448 merito
632 2388 760 2447 sumitur
788 2384 868 2463 quod
897 2385 1013 2445 ratione
1035 2403 1124 2466 prae·

57 2501 60 2506 ·
155 2471 233 2533 dicta
266 2489 384 2532 morum
412 2478 456 2532 est
484 2478 513 2531 et
542 2470 690 2532 bonorum
719 2487 845 2549 operum
872 2470 1064 2541 instructius,
1094 2478 1125 2532 et

157 2555 237 2636 quod
259 2573 331 2616 voce
354 2553 525 2635 philosophi
547 2553 710 2634 jucundum
734 2553 809 2616 nihil
826 2563 878 2626 est,
903 2556 962 2616 nisi
977 2556 1055 2636 quod
1076 2573 1124 2615 re·
1155 2555 1158 2559 ’

155 2643 217 2704 licit
246 2642 384 2702 varietas.
429 2643 538 2702 ductor
572 2639 651 2702 idem
685 2659 761 2720 opus
793 2659 845 2702 sex
881 2638 1125 2702 distinctionibus

153 2726 292 2797 variavit,
325 2733 385 2787 tum
415 2743 470 2805 pro
498 2745 532 2786 eo
558 2733 591 2786 ut
619 2725 785 2787 auditorem
809 2724 939 2786 brevitas
961 2726 1125 2786 instrueret

154 2809 280 2880 facilius,
305 2828 372 2873 oum
395 2827 451 2890 pro
475 2828 511 2871 eo
534 2818 566 2871 ut
581 2810 742 2882 idemtitas,
765 2828 841 2890 quae
857 2827 926 2871 rara
946 2817 991 2872 est
1006 2813 1122 2879 satieta,

153 2894 273 2974 legendi
295 2894 426 2956 taedium
449 2912 510 2955 uon
531 2895 667 2956 inlerrel.

240 2981 273 3040 ln
302 2979 400 3041 fronte
428 2978 588 3059 cujuslibet
622 2979 824 3042 distinctionis
851 2977 992 3057 generale
1024 2980 1125 3059 posuit

154 3064 234 3126 illius
263 3071 292 3126 et
319 3063 399 3127 illius
427 3065 619 3145 proverbium
642 3066 761 3126 teniore
784 3063 886 3134 modo,
916 3065 996 3145 quod
1020 3063 1123 3126 eadem

154 3151 288 3212 continet
318 3149 469 3212 distinctio
503 3147 643 3211 nobiliter
677 3152 925 3230 impraegnatum.
969 3149 1064 3212 Etiam
1080 3151 1124 3212 in

157 3235 254 3314 capite
277 3233 347 3295 libri
370 3235 517 3313 quoddam
547 3233 739 3315 proverbium
762 3232 872 3304 Ovidii,
902 3234 979 3316 quod
1008 3237 1124 3320 specia-

223 3437 251 3501 1)
270 3439 350 3489 Haec
367 3453 422 3490 non
441 3438 514 3504 apud
532 3437 693 3500 Horatium,
712 3437 834 3489 fortasse
847 3437 935 3487 nostri
946 3440 1011 3487 sunt
1023 3439 1052 3489 ot
1064 3437 1128 3487 imi-

155 3507 227 3558 tatio
240 3505 364 3558 Plautini
377 3505 455 3557 dieti:
466 3506 608 3558 feliciter
620 3507 703 3570 sepit,
721 3505 768 3570 qui
781 3503 872 3556 alieno
894 3503 1018 3570 periculo
1039 3507 1124 3570 sapit.
