2592 3978
1103 219 1122 282 7

155 373 330 436 assumserit
346 380 375 432 et
390 369 556 450 subjungit:
582 379 744 450 „certaque
761 379 840 434 etc.“
864 371 1023 436 haerebam
1046 382 1120 435 tem·

154 475 228 540 pore
250 459 347 536 -longo
376 453 523 535 pendulus
552 463 580 517 ct
608 455 716 518 dubius
742 475 801 536 quo
823 459 922 536 potius
945 477 1070 520 numero
1093 468 1123 520 et

155 551 250 604 metro
266 559 316 604 res
338 560 372 603 ea
395 559 449 602 scu
471 543 594 602 materia
619 545 768 611 transiret,
792 543 919 603 maxime
943 561 1009 604 oum
1032 561 1122 624 quae·

156 627 228 690 libet
256 645 330 690 nova
360 645 410 688 res
443 634 568 706 propter
601 627 717 687 invidos
745 636 877 690 transeat
905 628 1065 690 difficulter
1093 637 1124 690 et

155 715 243 858 etia2m
276 721 401 793 propter
438 711 511 772 aiios
541 713 705 781 auditores,
742 713 819 773 unde
848 711 988 774 Horatius
1017 711 1065 796 [Α.
1088 715 1121 775 P.

153 818 180 860 v.
226 795 267 859 74

218 795 456 962 Legitimumque
479 899 584 944 sonum
608 882 707 960 digitis
729 880 872 944 callemus
894 890 923 943 et
946 880 1047 964 aure¹)

157 978 187 1030 et
208 967 302 1048 paulo¹
317 976 386 1029 ante
410 965 449 1049 [v.
474 964 544 1028 104.
571 963 645 1048 105]
754 995 762 1012 ·

598 1050 675 1113 mala
698 1055 722 1113 si
745 1051 882 1114 mandata
904 1051 1036 1130 loqueris

221 1140 280 1200 Aut
302 1136 478 1208 dormitabo,¹
502 1144 552 1197 ant
573 1135 689 1198 ridebo.

241 1223 277 1284 m
299 1223 356 1284 boc¹
379 1240 498 1303 quoque
522 1224 616 1300 tangit
638 1230 743 1284 auctor
772 1223 802 1283 in
826 1225 962 1302 proemio
986 1241 1054 1286 eum
1078 1224 1120 1284 di·

156 1312 212 1370 cit:
241 1317 292 1378 „et
319 1325 438 1388 semper
466 1325 540 1369 nova
563 1325 612 1368 res
634 1308 729 1386 tangit
751 1314 780 1368 ct
802 1307 917 1368 invidos
940 1312 992 1388 qui
1015 1317 1121 1370 cuncta

156 1412 233 1474 quae
260 1392 385 1454 audiunt
411 1400 462 1454 aut
483 1391 682 1462 subsannant,
712 1400 762 1454 aut
785 1394 975 1472 supprimunt
997 1393 1121 1455 aut'de·

154 1486 295 1559 pravant:
318 1479 391 1540 dicit
414 1495 536 1558 nempe;
564 1477 639 1539 livor
661 1478 741 1539 iners
764 1484 820 1538 etc.
864 1478 977 1538 Deinde
1000 1487 1123 1540 excusat

158 1583 191 1624 se
221 1565 258 1625 de
286 1571 383 1625 metro
412 1566 474 1624 sive
500 1569 688 1643 pentametro
716 1562 833 1633 dicens,
869 1561 948 1642 quod
971 1562 1023 1624 taii
1045 1563 1122 1642 pede

156 1650 264 1710 merito
286 1647 378 1710 scribi
401 1647 531 1711 debeant
552 1646 626 1710 tales
649 1649 786 1710 miserias
808 1649 848 1709 ita
872 1646 1068 1710 concludens:

237 1740 243 1745 '
554 1742 637 1812 gesta
660 1735 827 1795 miserrima
850 1732 949 1794 scribo

219 1818 255 1878 Et
278 1827 392 1896 strages
415 1820 538 1880 miseras
562 1826 620 1879 etc,

225 2019 252 2087 1)
271 2026 375 2074 noster:
396 2037 488 2075 aures,
