2592 3978
491 211 555 262 Lib.
575 212 596 264 Ι.
621 229 648 266 v.
668 215 758 264 1-25

446 359 595 414 AUCTOR
611 359 805 416 PROPONIT.

141 481 331 544 Scribentem
354 478 435 544 iuvat
456 484 519 563 ipse
543 481 626 544 labor
647 481 814 564 minuitque
836 485 981 556 laborem,

94 613 97 618 -
186 567 318 648 Cumque
341 586 396 629 suo
419 586 559 629 crescens
582 569 704 645 pectore
727 569 822 630 lervet
845 589 936 650 opus:

141 649 253 713 Taliter
275 653 419 714 historiae
441 653 588 714 Troianae
612 653 732 715 demere
755 652 839 730 laisa,

175 737 328 812 ,Promere
349 755 417 798 vera
440 757 525 799 cneus
548 738 601 798 ivit
622 741 654 799 in
677 757 759 800 arma
782 739 876 800 stilus.

141 821 328 884 Automedon
352 841 450 900 verus,
474 825 576 904 etqui
599 823 677 884 videt
700 827 800 885 omnia
822 823 964 886 Phoebus
1093 835 1109 884 5

185 905 223 968 Ut
244 906 321 968 bene
344 917 444 969 currat
466 925 552 985 opus,
575 909 623 978 sit,
647 925 731 986 rogo,
755 915 834 970 temo
858 928 952 971 meus.

424 1087 612 1144 NARRATIO
631 1089 820 1145 AUCTORIS.

143 1194 263 1256 Crethei
285 1195 385 1273 proles
408 1194 505 1256 Pelias
527 1193 743 1274 Pelopeusibus
766 1194 835 1257 olim

185 1278 325 1359 Imperat,
348 1278 429 1340 illius
452 1278 560 1341 Aeolus
584 1287 664 1341 extat
686 1299 767 1342 avus.

144 1363 252 1426 Frater
274 1370 338 1425 erat
359 1362 459 1426 Peliae
482 1363 528 1424 vel
551 1382 610 1425 non
632 1363 770 1442 ignobilis
793 1366 898 1434 Aeson,

183 1449 301 1510 tasonis
322 1451 379 1510 iste
402 1458 496 1529 pater,
521 1447 644 1510 Graecia
668 1458 748 1511 terra
770 1450 836 1512 luit.
987 1487 997 1508 ι
1076 1462 1109 1512 10

143 1533 234 1596 lason
258 1532 414 1596 amabatur
436 1555 451 1596 a
475 1537 601 1610 cunctis,
625 1552 744 1614 semper
767 1552 897 1599 amorem

187 1619 377 1680 strennuitas
399 1621 479 1680 socia
502 1619 670 1700 dapsilitate
693 1619 782 1680 dedit.

142 1703 224 1765 Vidit
246 1713 275 1766 et
296 1704 401 1764 invidit
422 1712 547 1783 patruus
571 1703 718 1783 tituloque
740 1702 879 1785 pavescit,

183 1789 246 1849 Hoc
268 1797 420 1868 sceptrum
444 1790 528 1867 regni
551 1807 688 1851 crescere
710 1789 811 1851 forsan
834 1792 870 1861 ei,

140 1872 270 1948 Intendit
291 1875 428 1934 iuvenem
451 1875 507 1934 vita
531 1876 660 1953 privare,
684 1893 739 1936 nec
761 1873 834 1935 illud
1077 1889 1109 1938 lo

185 1959 281 2019 Audet
303 1960 379 2020 inire
403 1957 511 2039 palam,
535 1958 661 2020 fabricat
684 1977 753 2038 erga
777 1959 888 2022 dolum.

141 2041 267 2104 Colchos
288 2045 424 2104 inaurata
447 2046 579 2105 vervecis
602 2043 681 2123 pelle
704 2044 840 2122 refulget,

184 2126 311 2198 Vellera,
335 2130 386 2207 qui
408 2131 515 2206 rapiet,
539 2128 647 2206 dignus
670 2129 785 2190 honore
806 2131 895 2191 foret.

140 2211 249 2274 Pensat
272 2231 306 2273 eo
328 2229 382 2273 rex
404 2213 588 2274 Aesonidem‘
605 2213 661 2275 hac
684 2215 803 2276 mittere
826 2222 935 2285 mente,

185 2297 273 2358 Forte
295 2305 401 2377 petens
423 2298 539 2359 laudem
563 2299 696 2378 proleret
717 2297 766 2360 ille
790 2317 903 2363 necem.
1074 2311 1108 2362 20

141 2381 197 2450 „Si
220 2383 316 2460 quis“,
341 2383 389 2453 ait,
415 2383 508 2458 „mihi
531 2382 667 2443 retulerit
689 2401 756 2443 oum
779 2382 857 2462 pelle
880 2384 1073 2465 triumphum,

184 2465 263 2536 Quae
286 2465 348 2527 vult
367 2475 474 2545 poscat
496 2469 629 2542 ethaeo,
654 2486 702 2528 me
724 2465 886 2537 tribuente,
911 2468 1019 2531 lerat.“

141 2549 203 2610 ilco
227 2549 303 2612 calet
326 2552 422 2612 edicto
446 2569 530 2613 mens
553 2553 678 2621 tasonis,
703 2551 818 2615 aemula
840 2553 944 2625 laudis

185 2635 250 2696 lam
274 2636 346 2698 lacit
367 2637 397 2698 in
420 2638 509 2700 variis
532 2639 619 2698 lortia
642 2638 719 2698 lacta
742 2636 824 2709 lucio,

142 2719 278 2799 lleraque
302 2739 362 2782 uon
385 2739 489 2801 parvas
513 2721 610 2783 animo
634 2722 684 2782 dat
705 2722 796 2800 gloria
819 2723 906 2795 vires,
1074 2735 1107 2785 25

140 2853 343 2865 —n——a-——-..

186 2973 187 2980 ,
209 2924 233 2972 l.
256 2925 280 2974 2.
316 2923 410 2975 Ovidii
432 2929 497 2975 sunt
514 2925 596 2977 Pont.
615 2925 667 2986 111,
686 2927 710 2987 9,
729 2927 770 2981 21.
788 2927 828 2988 22,
855 2926 902 2976 ubi
920 2929 1014 2977 tamen
1033 2927 1108 2978 Seri-

140 2988 252 3042 bentem
268 2989 350 3054 juvat
368 2993 427 3058 ipse
447 2992 534 3055 favor,
553 2992 708 3056 minuitque
727 2997 781 3043 etc.
852 2996 875 3044 5.
894 2994 1005 3058 Margo:
1023 2994 1109 3046 Invo-

142 3061 196 3112 eat,
265 3061 289 3112 7.
308 3061 420 3126 Margo:
440 3059 544 3111 Aeolus
563 3061 630 3110 deors
648 3065 792 3112 ventorum
1087 3063 1091 3072 “

344 3127 477 3178 Cretheus
496 3143 562 3178 suus
580 3127 654 3178 filius

307 3198 677 3238 κ--ἡ--κ

308 3247 404 3300 Pelias
422 3254 451 3300 et
468 3246 681 3316 Aeson-fratres

412 3315 601 3437 Jasonlfilius.

138 3449 181 3567 38.
214 3452 375 3518 emargine
393 3452 574 3519 propellere.
664 3455 702 3508 19.
732 3453 860 3508 Aesonid.
879 3455 1109 3520 superscriptum:

158 3531 278 3573 aeonem.
