2592 3978
192 153 234 218 10
523 157 623 211 Liui
647 158 828 213 Prooemium.

191 312 353 373 Hesionem
377 308 519 372 Telamon
543 311 717 386 deduxerat,
740 311 817 374 bano
840 315 1003 394 repetendo
1145 327 1160 376 5

191 395 238 458 Nil
261 397 323 473 agit
344 398 492 464 Antenor;
516 395 644 460 ultorem
668 415 699 457 se
722 396 806 458 Paris
829 399 924 470 offert,

193 480 373 542 Dissuadent
395 480 491 560 aliqui,
516 481 568 541 sed
592 483 710 560 navigat
731 481 790 552 itte,
814 491 965 564 repertam

192 565 349 628 beducens
371 565 513 627 Helenam
537 565 632 628 Troes
653 565 812 638 laetantur,
836 568 955 630 Atrides

192 649 328 712 Fratrem
350 649 471 720 solatur,
494 650 652 712 vindictam
676 652 799 714 Graecia
823 652 923 724 dictat,

191 735 255 796 Rex
277 738 478 814 Agamemnon
503 736 569 812 erit,
593 735 767 814 ratibusque
789 737 925 798 studetur
949 745 979 800 et
1001 739 1100 801 armis.
1129 749 1161 798 10

446 1021 494 1074 DE
512 1019 696 1076 Pnocbssu
714 1020 900 1077 Artemonis,

277 1194 446 1256 Praemisso
469 1196 623 1275 prooemio
647 1206 676 1257 et
699 1195 855 1276 descriptis
876 1197 965 1277 primi
986 1193 1056 1257 libri
1079 1199 1160 1277 oapi·

193 1279 264 1342 tulis
293 1287 412 1350 auctor,
446 1288 622 1360 praenotato
652 1289 839 1358 competente
868 1281 1042 1360 proverbio,
1077 1299 1160 1343 more

190 1367 372 1446 scriptorum
395 1368 539 1445 proponit
568 1372 597 1425 et
625 1366 741 1426 invocat
768 1374 801 1426 ut
823 1365 1027 1427 rationabilius
1051 1366 1086 1426 ad
1111 1385 1159 1426 or·

172 1451 295 1512 ‘dinem
318 1451 498 1512 narrationis
521 1450 656 1521 accedat;
679 1453 821 1529 proponit
843 1469 910 1511 cum
933 1452 1029 1530 posito
1053 1467 1160 1511 secun·

192 1536 264 1596 dum
286 1537 494 1597 auctoritatem
518 1535 613 1596 Ovidii
636 1535 715 1614 quod
739 1533 987 1596 delectamentum
1001 1535 1103 1613 ¹magis
1126 1555 1159 1598 ac

192 1622 286 1698 magis
314 1618 419 1681 illiciat
446 1619 627 1688 studiosum;
657 1621 756 1680 statim
779 1618 905 1698 subjecit
927 1621 1007 1700 quod
1030 1627 1160 1682 tractare
1243 1682 1246 1688 κ
1288 1683 1289 1700 ¹

193 1705 264 1766 velit
291 1723 359 1766 cum
396 1704 480 1765 dicit:
515 1704 627 1766 Taliter
655 1705 673 1765 i.
702 1721 727 1764 e.
762 1702 813 1766 tali
843 1705 933 1765 modo
962 1706 1047 1766 stilus
1076 1723 1160 1767 meus

193 1792 272 1852 idem
296 1791 428 1851 studium
453 1807 551 1850 meum
576 1791 636 1849 ruit
657 1791 688 1849 in
712 1805 793 1850 arma
817 1787 861 1850 vel
885 1787 1160 1872 belldmfllt'oianaa

194 1876 347 1937 historiae.
391 1873 468 1936 Ecce
495 1877 648 1954 expressio
674 1893 739 1935 mea
769 1876 885 1954 quaerit
901 1864 1079 1936 T'e'eitationi
1110 1875 1161 1937 de·

193 1979 276 2022 mere
304 1960 375 2021 lalsa
404 1968 433 2019 et
459 1976 599 2038 promere
628 1960 646 2018 i.
673 1977 699 2019 e.
723 1959 856 2020 scribere
881 1978 959 2020 vera.
1005 1960 1083 2022 Ecce
1107 1979 1158 2020 ex-

194 2047 308 2124 pressio
325 2045 449 2105 lormae.
493 2043 612 2104 Invocat
633 2061 701 2104 cum
719 2042 884 2121 subjungit:
913 2045 1121 2114 „Automedon
1132 2041 1159 2122 *l

193 2148 282 2191 verus
313 2135 342 2188 et
370 2129 420 2206 qui
442 2126 520 2189 videt
543 2130 642 2189 omnia
666 2127 837 2189 Phoebus.“
881 2128 1000 2191 luvocat
1021 2133 1159 2191 Autome·

193 2214 318 2275 dontem
342 2211 386 2274 rel
410 2215 543 2290 aurigam
567 2211 650 2273 illum
674 2215 724 2289 qui
748 2221 793 2274 est
815 2231 922 2274 currus
945 2213 1034 2276 lsrael
1057 2221 1087 2274 et
1108 2232 1160 2275 au·

196 2302 259 2376 riga
284 2299 359 2378 ejus,
382 2297 450 2359 ideo
474 2296 607 2378 adjungit
621 2315 724 2369 verns;
749 2306 778 2358 et
793 2297 875 2359 illum
890 2297 1054 2371 Phoebum,
1078 2300 1160 2360 cuius

192 2391 263 2446 sunt
293 2382 372 2445 oculi
399 2391 432 2444 ut
454 2383 571 2445 llamma
600 2384 676 2462 ignis
705 2389 733 2443 et
761 2391 918 2463 penetrant
941 2403 1033 2464 usque
1056 2384 1091 2443 ad
1116 2383 1160 2445 di·

193 2470 336 2528 visionem
366 2470 477 2546 speciei
506 2476 534 2529 et
562 2470 678 2530 animae
713 2476 742 2529 et
770 2487 829 2530 non
863 2477 908 2529 est
938 2469 996 2528 ulla
1025 2475 1160 2528 creatura

194 2550 351 2613 invisibilis
374 2555 405 2612 in
429 2560 590 2632 conspectu
614 2549 745 2633 ejus**).
791 2553 997 2631 Propositione
1027 2561 1056 2611 et
1078 2552 1160 2611 invo-

194 2638 310 2698 catione
345 2636 421 2697 lacta
455 2638 553 2697 statim
589 2636 753 2698 secundnm
785 2635 950 2697 doctrinam
979 2634 1096 2696 Horatii
1124 2635 1159 2696 ad

196 2730 334 2782 eventum
364 2720 484 2782 festinat
512 2729 540 2782 et
566 2722 597 2781 in
627 2720 740 2780 medias
767 2737 817 2782 res
840 2729 869 2781 et
891 2719 1091 2781 narrationem
1114 2723 1160 2780 in·

194 2807 282 2867 oboat
304 2807 421 2869 dicens:
460 2803 600 2876 „Cretbei
633 2801 764 2884 proles.“
809 2803 953 2866 Cretheus
986 2802 1064 2866 tilius
1097 2811 1161 2866 erat

194 2891 286 2962 Aeoli,
310 2909 398 2972 quem
422 2888 594 2952 fabulantur
622 2890 710 2951 deum
734 2897 904 2961 ventorum,
935 2898 965 2950 et
987 2890 1082 2952 Pelias
1105 2891 1161 2951 iste

196 2975 315 3038 Cretbei
339 2983 403 3036 erat
424 2975 502 3038 lilius
526 2982 556 3036 et
578 2975 671 3037 frater
686 2976 811 3036 Aesonis
827 2983 858 3036 et
872 2973 1088 3055 Pelopensibus
1104 2976 1160 3037 im·

194 3059 334 3141 perabat,
370 3077 458 3140 quam
487 3062 636 3122 civitatem
664 3059 771 3140 Pelops
800 3057 879 3122 filius
906 3057 1023 3122 Tantali
1054 3060 1161 3122 dieitur

193 3148 338 3207 struxisse
361 3153 392 3206 et
414 3143 450 3206 ab
474 3143 537 3225 ejus
560 3147 681 3206 nomine
703 3145 741 3205 sit
763 3152 875 3206 vocata.

263 3435 288 3486 8.
308 3434 476 3500 emargine,
496 3438 589 3485 textus
608 3449 705 3484 rasura
722 3433 877 3500 illegibilis.
946 3431 972 3497 ³¹⁸)
991 3433 1060 3483 Meo.
1077 3429 1161 3480 Anto·

194 3501 293 3553 medon
311 3509 342 3555 ut
361 3517 477 3569 semper.
548 3501 593 3568 **)
612 3503 665 3568 Ep.
685 3502 721 3552 ad
739 3502 824 3554 Hebr.
843 3503 891 3566 1v‚
912 3504 951 3554 ta.
