2590 3984
199 169 243 234 80
503 173 565 225 naa.
585 173 636 222 111.
672 188 698 222 v.
716 173 861 224 rer-soe.

402 351 526 407 VERBA
543 351 724 408 HECTORIS
742 351 791 406 AD
810 351 959 411 ULIXEM.

200 457 346 537 Tempora
364 438 456 536 ionga
479 466 560 519 tenet
582 457 695 519 Hector
717 468 864 537 suspecta,
887 461 1042 521 revoirens

243 544 302 604 Cur
324 550 462 623 peterent
484 545 568 604 annis
590 559 703 621 ponere
726 541 804 603 belia
826 543 933 606 tribus.
1099 609 1107 626 ,

201 627 296 688 Verba
318 627 481 705 gerundivo
504 628 584 708 pacis
607 625 811 706 praetenditis,
836 629 942 708 inquit,
981 712 990 724 ἱ

243 712 397 773 Exteriora
419 717 531 790 patent,
555 712 698 780 interiora
720 708 821 774 latent.

200 794 261 856 Nos
282 797 403 866 scimus,
427 803 569 872 quantum
592 794 689 856 bonus
710 813 743 856 es
763 797 906 857 recitator
928 797 1040 866 Ulixes,
1118 806 1169 856 28⁵

243 879 284 940 Oe
306 883 413 960 aperis,
437 883 518 942 intus
539 886 663 959 pectora
686 879 785 940 clausa
808 883 904 958 geris„

89 997 90 1001 =
201 963 234 1023 Si
254 963 310 1025 tibi
333 966 377 1025 vie
399 964 491 1033 credi,
515 966 599 1044 prius
621 981 696 1024 exue
718 965 929 1045 suspicionem,
1034 998 1037 1003 ·

242 1047 316 1108 Nam
338 1047 415 1109 solet
437 1046 555 1109 excludi
576 1049 747 1127 suspicione
769 1048 851 1110 tides.

200 1131 269 1192 iure
291 1132 366 1193 mihi
389 1139 544 1213 suspectus
567 1133 635 1200 eris,
658 1139 778 1211 treugas
801 1133 898 1195 tribus
917 1135 1003 1194 annis

245 1215 330 1287 Ouod
354 1233 408 1294 pro
431 1218 579 1278 deiunctis
601 1216 807 1278 intumuiando
829 1220 914 1296 petis.

201 1299 467 1363 Laomedontiades
489 1300 628 1380 'trojanis
648 1303 703 1363 ista
726 1304 838 1363 vocatis

242 1384 371 1453 intimat,
395 1388 551 1462 inquirens
573 1385 723 1466 quomodo
747 1383 791 1445 rel
814 1386 885 1466 quid
909 1393 985 1464 agat.

201 1468 372 1530 Communis
394 1488 557 1531 consensus
579 1478 643 1531 erat
664 1472 695 1531 in
718 1488 791 1550 paee
813 1472 941 1541 trienni;

242 1552 299 1624 Oui
322 1554 451 1615 tulerant
472 1553 604 1622 verbum,
629 1574 696 1616 mox
720 1553 838 1615 rediere
861 1554 992 1615 domum.

234 1733 357 1788 PACEM
369 1733 575 1804 ,Tarannon
593 1733 790 1789 REFERUNT
808 1733 944 1789 Lnonrl
962 1732 1126 1792 GRAECIS.

200 1855 302 1932 Legati
325 1873 468 1934 responsa
491 1856 604 1917 icrunt:
630 1858 829 1933 Agamemnon
853 1857 998 1917 inunum
1117 1867 1167 1915 295

245 1941 355 2000 Accitis
377 1941 507 2009 Graecis,
528 1939 644 2020 singula
667 1951 769 2002 narrat
791 1942 845 2000 eis.

200 2023 254 2097 ite,
276 2025 378 2090 refert.
401 2027 574 2103 campisque
597 2027 676 2086 viros
699 2026 823 2105 sepelite
843 2023 985 2104 jacentes,

245 2108 325 2168 Mors
347 2116 392 2168 est
415 2109 489 2169 iacta
512 2107 622 2190 quibus
644 2109 810 2171 indubitata
832 2109 913 2169 tides.

203 2193 304 2253 Primo
326 2191 389 2254 soie
411 2191 505 2254 solum
530 2193 656 2254 iericnte
679 2194 817 2255 teruntur
840 2195 871 2253 in
893 2192 966 2255 altas

244 2275 340 2338 Occisi
363 2279 468 2348 iossas,
491 2277 576 2358 plebs
598 2279 676 2355 rigat
697 2295 796 2356 ungue
817 2295 919 2354 genas.
1116 2286 1167 2336 eoo

202 2360 380 2422 Subterrant
402 2363 491 2423 etiam
513 2361 633 2442 Phrygii
655 2379 707 2422 sua
730 2364 845 2429 funera,
868 2360 957 2422 teitus
1206 2356 1209 2362 ’

244 2444 369 2508 Parvula
392 2465 466 2526 quos
488 2448 607 2524 refugit,
630 2447 776 2508 maximus
796 2447 874 2524 ignis
897 2446 966 2506 edit.

202 2529 317 2590 Moenia
340 2529 497 2611 Troianus,
519 2533 644 2609 Argivus
666 2531 728 2591 reia
751 2527 885 2598 resarcit,

242 2612 389 2693 Troianus
411 2633 515 2676 muros
536 2615 752 2694 Argolicusque
774 2624 864 2676 rates.

200 2697 350 2776 Praecipit
372 2715 520 2759 annonam
543 2697 641 2759 medio
663 2715 716 2758 rex
739 2707 873 2778 ternpore
896 2697 977 2765 ferri,
1116 2706 1166 2756 305

242 2781 282 2843 Ut
303 2788 481 2860 procuretur
503 2783 588 2861 copia
611 2781 703 2843 muita
725 2781 795 2844 cibi.

199 2864 337 2945 Undique
359 2864 510 2943 coiiigitur
532 2867 692 2938 exercitus,
715 2885 797 2928 arma
821 2876 978 2935 novantur,

242 2949 382 3022 Beiiicus,
405 2950 560 3014 advehitur
581 2969 680 3022 omne,
703 2951 781 3034 qnod
805 2968 875 3012 osus
896 2957 971 3012 avet.

268 3135 326 3190 282.
347 3151 361 3186 e
380 3136 518 3202 margine:
537 3141 662 3202 peterent
679 3151 727 3202 pro
746 3135 850 3187 codicis
868 3133 1049 3201 „ponerent“.
1106 3135 1165 3186 eoi.

200 3217 250 3266 pro
269 3200 355 3253 codic.
373 3202 623 3258 Laocedontiadee.
659 3203 755 3268 Margo
773 3203 870 3254 Leom.
889 3202 1025 3254 Prinmne.
1107 3202 1166 3254 29³.

199 3267 307 3334 Margo:
335 3269 393 3320 Pax
420 3270 542 3321 seeundo
565 3271 647 3320 trium
670 3284 812 3321 annorum.
898 3271 956 3322 299.
976 3284 1062 3334 marg.
1082 3269 1166 3319 alten.

200 3335 351 3401 profundos
373 3336 471 3388 iosias.
558 3339 616 3389 800.
636 3335 704 3388 Cod.
727 3337 796 3401 ples.
815 3352 895 3403 agne.
982 3339 1040 3388 302.
1058 3349 1166 3400 margo:

200 3403 360 3520 gniedterrn
382 3418 437 3454 non
461 3403 570 3455 suffecit
588 3404 628 3455 eis
647 3404 682 3455 nd
700 3405 896 3470 sepeliendum.
984 3404 1042 3454 307.
1058 3416 1166 3468 margo.

220 3470 261 3520 eei
282 3474 351 3521 erat.
