2574 3976
412 197 415 204 “
457 193 520 260 Lib?
538 213 568 261 r.
601 224 626 262 v.
645 211 787 288 asc—era.

175 363 224 423 itt
246 359 324 423 Irene
345 360 509 423 foecundas
532 363 658 443 imperat
680 379 745 422 esse
768 359 882 422 breves.

147 445 306 508 Etlundant
327 444 404 506 oculi
427 444 575 514 lacrimas,
600 450 778 508 exterminet
800 463 851 504 ora

186 531 295 599 Pallor,
319 531 471 591 concutiat
491 531 633 592 interiora
657 531 751 599 dolor,

143 614 297 677 Connodet
320 614 429 694 digitos
453 623 577 689 tortura,
601 614 773 676 reverberet
795 613 886 684 altum

185 703 262 761 Aera
287 717 340 760 vor
364 700 483 768 misera,
508 708 586 761 tanta
609 699 763 780 querendo
786 698 876 758 mala!
1059 707 1109 754 290

6 797 7 808 ¹
87 789 89 795 “
144 785 202 846 1010
225 785 305 863 paris
328 783 400 844 milri
422 783 527 844 damna
552 785 646 855 Paris,
668 785 754 844 Paris
777 785 868 842 immo
891 784 1002 861 parasti

186 869 294 930 Fomos
316 865 466 939 adulterii,
490 870 585 947 turpis
606 871 690 946 origo
713 866 795 928 mali!

144 953 299 1032 Nequitiae
320 951 425 1019 iacula.
449 970 502 1013 cur
525 962 553 1012 te
575 952 702 1015 10111110
724 960 836 1020 secuta,

190 1037 279 1098 Peius
301 1035 446 1098 adulterio
470 1039 564 1116 turpis
586 1037 703 1100 adulter
725 1035 819 1098 obest.

144 1122 190 1182 Tu
214 1130 303 1199 caput
326 1139 359 1182 es
381 1120 462 1188 belli.
484 1121 597 1184 Troum
620 1130 727 1186 metus.
751 1118 955 1198 Argolicorum
1060 1129 1110 1177 000

188 1204 299 1275 Fletus,
324 1213 518 1283 utrorumque
542 1207 635 1268 cladis
656 1224 756 1267 amara
779 1205 871 1266 lacus.

145 1291 183 1352 Et
204 1297 253 1351 tua
277 1308 327 1351 res
350 1293 458 1368 agitur,
482 1293 581 1370 paries
603 1310 671 1352 cum
695 1291 849 1371 proximus
871 1288 964 1357 ardet,

190 1374 232 1436 Te
256 1393 373 1455 quoque
397 1393 477 1435 mors
500 1377 612 1454 stygiis,
637 1375 742 1454 impie!
765 1374 868 1434 mersit
882 1374 983 1452 aquis.

147 1461 243 1531 Quam
266 1458 343 1520 bene
366 1459 540 1537 dispositum
564 1463 661 1526 terris,
686 1468 728 1528 nt,
751 1475 841 1537 quum
865 1457 904 1517 sit
925 1458 1045 1536 iniquus

191 1542 311 1604 Consilii
335 1543 457 1611 tructus,
482 1543 595 1604 imbuat
618 1553 720 1604 auctor
743 1561 828 1620 opus.
1061 1551 1112 1598 300

153 1628 230 1688 Ecce
252 1635 321 1688 tuus
343 1626 430 1688 luxus
453 1639 497 1689 est
519 1628 658 1698 Troibus,
681 1628 787 1707 impie!
810 1626 916 1694 luctus,

192 1713 229 1773 Et
252 1711 372 1789 plausus
394 1711 530 1791 planctus
552 1711 756 1791 Argolicisque
779 1710 875 1779 datus,

148 1797 183 1857 n.
206 1797 296 1856 miser
318 1799 349 1857 in
373 1799 499 1858 miseras
521 1797 653 1875 dejectus
676 1815 707 1856 es
729 1799 793 1875 ipse
815 1811 966 1861 cavernas,

194 1880 273 1951 Quas
295 1881 403 1942 misere
427 1882 542 1942 miseris
565 1901 620 1961 pro
643 1883 801 1942 meretrice
823 1877 924 1940 dabas.

147 1966 172 2026 Ο
196 1965 351 2025 meretrix!
374 1983 478 2045 spuma
502 1966 708 2027 meretricum!
731 1982 831 2026 nonne
854 1964 979 2025 mereris
1063 1971 1112 2020 300

190 2049 339 2128 Spumeus
361 2058 394 2109 ut
416 2051 518 2128 pingat
540 2067 661 2127 spumea
686 2050 760 2110 lacta
784 2049 895 2128 stylus?

151 2133 311 2194 Posteritos
332 2134 459 2195 sortasse
482 2133 571 2213 leget,
594 2135 750 2214 discetque
773 2132 909 2194 docendo

193 2219 215 2278 Α
239 2224 297 2277 tam
321 2217 460 2296 pestilera
485 2235 633 2299 quemque
656 2236 760 2280 cavere
784 2223 862 2278 nota.

149 2302 201 2362 Est
222 2301 409 2380 impossibile
431 2304 511 2363 finiri
535 2305 593 2364 fine
616 2302 714 2376 beato,

192 2385 275 2456 Quae
298 2386 334 2446 (le
357 2387 506 2465 principio
528 2396 598 2448 sunt
619 2386 763 2449 fabricata
787 2384 873 2446 malo.
1063 2394 1114 2442 310

150 2474 205 2531 Ars
227 2479 277 2530 tua
299 2471 519 2547 magnanimum
543 2472 654 2532 mundo
677 2471 753 2537 tulit.
776 2469 912 2532 Hecuba!
935 2475 1049 2549 patrem

192 2554 229 2615 Et
250 2553 338 2615 simul
362 2553 507 2615 illustrem
531 2556 675 2634 flagitiosa
699 2558 804 2617 virum.

148 2637 233 2699 Tune
256 2639 331 2700 duos
354 2658 412 2700 una
436 2641 603 2702 saevissima
626 2643 727 2718 vipera
752 2641 841 2700 morti

151 2759 165 2764 -.
168 2757 352 2766 ...μή-..-

217 2825 275 2876 28⁷.
305 2825 420 2890 margin.
438 2824 522 2879 schol.
542 2825 682 2878 exsudent.
752 2827 811 2876 292.
842 2823 932 2889 turpis
955 2838 970 2872 e
993 2823 1116 2887 margine

150 2906 199 2956 pro
222 2892 320 2942 iterato
343 2892 449 2943 codicis
472 2892 564 2943 fomes.
661 2895 719 2946 294.
750 2891 844 2943 Ovidii
861 2893 928 2942 Her.
945 2891 992 2951 lv,
1013 2891 1056 2942 34.
1082 2905 1115 2938 ex

150 2973 205 3023 quo
222 2957 282 3009 loco
301 2961 467 3010 mutavimus
489 2962 578 3011 nostri
601 2958 680 3025 pejor
700 2961 729 3009 in
754 2958 841 3025 pejus.
928 2959 987 3008 aet.
1017 2953 1115 3012 Horat.

149 3026 239 3091 Epist.
256 3027 279 3086 Ι,
299 3027 342 3089 18,
358 3029 401 3078 84.
470 3028 528 3077 298.
547 3027 669 3078 Imitatio
687 3026 768 3077 Ovid.
787 3027 873 3077 Trist.
891 3025 937 3087 IV,
957 3027 982 3085 5,
1000 3026 1041 3075 22.

556 3095 754 3144 --mm

251 3161 305 3223 Qui
323 3162 419 3211 mersit
437 3154 543 3226 Stygia,
562 3161 688 3214 sublevet
708 3161 784 3222 illud,
803 3175 884 3225 aqua.

149 3230 207 3280 299.
229 3227 367 3279 ctaodion
385 3228 433 3279 lib.
454 3233 476 3279 1.
497 3229 780 3295 innutrop.xv111,
800 3230 855 3278 tot.
876 3229 908 3278 58

252 3297 340 3358 Quam
362 3293 430 3348 bene
451 3297 612 3363 dispositum
632 3300 724 3361 terris,
742 3303 774 3347 ut
792 3294 892 3362 dignus
909 3295 998 3360 iniqui

251 3364 368 3414 Fructus
386 3365 496 3415 consilii
513 3367 608 3431 primis
627 3365 788 3416 auctoribus
806 3365 897 3418 instat.

150 3434 209 3484 301.
237 3431 318 3482 luxus
337 3445 386 3495 pro
404 3432 465 3483 cod.
485 3432 570 3482 lurus.
651 3434 710 3484 305.
729 3447 837 3496 margo:
855 3432 996 3485 invehitur
1013 3431 1042 3481 in
1059 3429 1118 3482 He-

151 3499 248 3554 lenam.
318 3499 376 3552 311.
397 3515 507 3564 margo:
525 3499 666 3551 invehitur
683 3501 712 3550 in
730 3500 880 3552 Hecubam.
