2574 3976
392 183 394 186 ’
459 185 523 240 Lib.
541 185 587 236 vl.
623 201 649 241 v,
669 187 777 236 15-42.
889 219 893 222 -

139 338 199 401 lllis
220 337 370 417 paullatim
392 352 537 417 praeceps
559 335 682 399 audacia
705 339 798 397 crevit

183 421 338 501 Cordaque
361 420 550 500 languentem
573 421 744 482 dedidicere
767 428 890 482 metum.

139 508 182 569 cd
205 524 347 584 magnum
370 505 485 566 virtutis
508 523 583 584 opus
605 522 796 581 summosque
820 503 939 566 labores

181 590 312 653 llentem
334 596 526 669 componunt,
550 588 628 651 nulla
653 588 765 668 pericla
788 591 903 650 timent.

138 675 272 738 Credunt
294 691 359 735 esse
381 675 466 735 nefas
488 675 620 736 animum
642 674 794 754 praeferre
817 674 935 753 pudori,

181 758 310 838 Plusque
332 757 428 819 solent
449 759 558 820 lamam
581 776 670 838 quam
694 759 828 819 timuisse
851 775 965 820 necem.
1062 767 1106 815 -20

139 843 274 904 Pectoris
296 845 420 905 incursu
443 839 633 920 confringere
657 841 714 903 tela
736 850 905 922 peroptant,

183 927 232 989 Sic
252 926 373 989 titulum
397 943 522 1004 magnae
543 926 639 988 laudis
661 926 696 988 ad
721 935 800 987 astra
822 924 929 988 levant.

138 1012 193 1072 Est
214 1011 292 1073 bona
317 1009 421 1073 militia
444 1010 551 1073 melior
571 1012 701 1079 fortuna,
725 1011 777 1072 sed
801 1013 882 1071 omni

182 1098 329 1176 Tempore
351 1096 479 1156 tironem
501 1113 561 1156 non
584 1095 663 1156 louet
684 1094 734 1155 illa
756 1113 854 1156 suum.

136 1179 241 1242 Gloria
262 1183 289 1241 si
312 1179 437 1242 retrahit
460 1179 581 1249 vultum,
604 1182 724 1241 lortuna
746 1180 869 1249 recedit,

181 1266 220 1327 Et
241 1266 361 1342 gravius
383 1281 500 1325 summo
522 1261 652 1324 culmine
674 1281 771 1324 mersa
794 1270 894 1325 ruunt.

135 1347 227 1427 'l‘roja
251 1345 343 1409 semel
364 1349 438 1408 istos
461 1365 521 1407 non
544 1365 575 1407 es
599 1355 719 1424 experta
743 1346 870 1417 labores,

182 1433 254 1493 Sors
276 1449 352 1511 quae
374 1430 551 1491 multociens
574 1430 681 1492 accidit
702 1432 758 1492 ista
782 1431 848 1493 tibi.

302 1576 430 1647 [uuum
448 1575 572 1632 rocem
591 1575 688 1631 rtem
706 1555 941 1648 Possumne]

139 1683 228 1746 Pacis
250 1691 399 1744 amatores
421 1682 580 1744 intendunt
602 1700 677 1754 esse,
700 1687 801 1763 quiete

182 1768 299 1828 Ducere
321 1785 376 1846 per
398 1769 512 1846 patrios
534 1769 593 1828 otia
615 1767 691 1828 laeta
714 1769 801 1838 lares,

141 1853 255 1914 Uxores
277 1851 420 1912 redimire
443 1850 562 1930 probas,
586 1869 756 1930 puerosque
779 1852 928 1914 decennes

181 1936 219 1998 Et
239 1938 325 2016 quasi
348 1934 476 2013 dilapsas
498 1936 658 1997 conciliare
682 1936 794 1998 domos.
870 2007 874 2012 ⁸
913 1983 926 1992 .

135 2020 201 2081 Sub
224 2038 281 2100 qua
304 2018 455 2090 decubuit,
479 2020 669 2098 requiescere
692 2018 797 2098 diligit,
821 2020 927 2081 umbra

181 2104 297 2166 Taurus
319 2111 349 2164 et
371 2106 512 2165 amissum
535 2108 652 2182 quaerit
674 2103 750 2166 ovile
772 2123 872 2184 pecus.

139 2187 260 2250 Dulcius
282 2189 312 2248 in
335 2189 429 2249 solitis
451 2196 550 2250 cantat
572 2187 729 2267 philomela
753 2189 875 2258 rubetis,

180 2273 311 2333 Eventus
333 2274 431 2333 varios
453 2290 502 2333 res
525 2289 598 2333 nova
622 2290 741 2352 semper
764 2272 863 2334 babet.

135 2357 290 2418 Litternlis
312 2355 460 2417 dominam
484 2355 528 2415 vel
551 2373 640 2434 saepe
661 2356 779 2426 salutat,
803 2367 836 2419 nt
857 2360 937 2418 inter

181 2440 298 2501 Funera
320 2446 365 2500 tot
387 2439 495 2500 totiens
516 2459 547 2500 se
569 2458 729 2520 superesse
751 2443 833 2502 sciat,

134 2524 234 2603 ‘Saepe
256 2525 379 2586 remissa
401 2525 464 2583 viro
486 2523 619 2584 mulieris
642 2519 765 2604 epistola
788 2526 871 2586 dicit:

180 2607 229 2670 Nil
251 2606 323 2668 mibi
345 2607 504 2682 rescribas,
526 2616 654 2670 attamen
677 2611 740 2688 ipse
763 2611 844 2671 veni!
995 2635 1000 2652 ι
1070 2619 1104 2668 40

137 2693 213 2754 Nam
237 2708 417 2770 quamquam
440 2711 530 2772 sapor
551 2701 596 2754 est
618 2693 705 2754 allata
729 2695 824 2756 dulcis
847 2697 878 2755 in
902 2693 991 2761 unda,

181 2778 301 2839 Gratius
324 2795 358 2838 ex
381 2778 447 2856 ipso
470 2777 550 2838 lorrte
573 2777 715 2839 bibuntur
738 2797 840 2857 aquae.

139 2913 342 2920 ——ae—

206 2997 246 3046 15,
266 2997 305 3048 ts.
325 2994 473 3044 Claudiani
496 3002 573 3046 sunt:
600 2995 634 3045 de
657 3001 728 3061 rapt.
752 2997 880 3062 Proserp.
903 2996 993 3061 prael.
1016 2999 1042 3046 9.
1062 2998 1101 3047 10.

137 3065 178 3116 ts.
197 3062 263 3114 (lod.
283 3062 421 3118 dedicere,
477 3065 519 3114 30.
539 3078 587 3127 pro
606 3062 710 3112 ducunt
728 3063 787 3115 eod.
833 3066 874 3114 at.
892 3063 979 3129 glosa.
997 3063 1103 3129 allegat

133 3144 184 3195 per
206 3130 269 3191 hos,
293 3129 392 3194 quide
411 3128 475 3181 aliis
492 3130 652 3195 regionibus
669 3132 780 3182 evocati
794 3129 854 3193 jem
871 3146 922 3197 per
939 3131 1104 3182 decennium

137 3201 270 3249 steterant
287 3200 384 3248 contra
401 3194 532 3267 Graecos.
599 3198 709 3254 33-35.
729 3196 863 3266 (Maxim.)
881 3200 904 3262 Ι,
926 3200 1037 3262 45-47,
1055 3198 1103 3249 ubi

135 3271 229 3315 tamen
246 3265 349 3330 primus
365 3280 477 3316 verane:

216 3332 272 3382 Sub
291 3347 343 3396 qua
360 3331 492 3383 decubuit
510 3333 696 3398 requiescens,
716 3332 808 3398 diligit
825 3334 948 3384 umbram
966 3338 1020 3387 eto.

134 3401 179 3450 36.
197 3396 331 3461 (Maxim.)
349 3400 371 3459 1,
390 3401 431 3450 52.
517 3402 558 3452 38.
576 3415 681 3465 margo.
699 3399 802 3465 probet.
885 3403 927 3453 40.
946 3400 1041 3452 Ovidii
1060 3405 1103 3452 est

135 3467 250 3518 Heroid.
268 3467 291 3533 1,
310 3468 335 3517 2.
403 3469 445 3522 41.
463 3468 503 3517 42.
524 3466 619 3519 Ovidii
637 3469 719 3518 Pont.
738 3467 788 3530 Ill,
808 3470 832 3530 5,
852 3470 890 3522 l‘l.
912 3469 950 3521 ¹8.
