2574 3976
181 174 244 238 202

182 328 293 390 Omnes
315 329 436 389 omnino
458 335 543 408 putat
563 329 664 390 hostes
686 329 780 388 hostis
801 328 923 397 amicos,

223 415 259 474 Et
281 413 421 494 quioquid
445 416 559 492 pariter
581 414 712 491 pertinet
733 412 769 473 ad
793 411 941 474 Paridem.

147 545 155 558 ,
182 497 307 576 Legatos
328 500 419 576 igitur
441 501 563 558 mittens
583 497 656 576 legit
676 496 808 578 undique
832 498 918 572 vires,

224 583 278 645 Cui
300 601 406 662 parere
429 594 515 661 parat
536 583 669 663 quisquis
691 581 728 644 ad
751 601 834 644 arma
856 582 943 652 volet,

181 665 341 738 Sublimes,
365 667 502 736 humiles,
526 676 651 728 cunctos
672 665 779 746 injuria
802 667 882 744 regis

225 751 342 830 Tangit,
366 761 395 810 et
414 751 491 814 hanc
515 753 610 814 omnis
629 748 744 830 judicat
766 769 832 812 esse
854 769 948 812 suam.

185 837 221 897 Et
244 838 378 916 quamvis
400 833 519 898 doleant
541 837 681 917 regisque
704 855 817 916 suoque
840 834 952 910 dolore,

224 920 294 982 Phis
316 920 413 1000 pudor
438 920 562 992 ablatae,
587 937 676 998 quam
699 919 791 990 dolor,
815 928 904 998 urget
927 938 987 980 eos.

183 1005 215 1065 ln
239 1005 395 1086 Phrygiam
420 1013 509 1067 totam
533 1004 672 1085 conjurat
694 1005 818 1066 Graecia
841 1012 911 1074 tota,

224 1089 262 1150 Ut
283 1092 397 1169 pariter
420 1098 523 1168 pereat
545 1108 611 1149 crim
635 1092 758 1167 regione
783 1089 875 1150 Paris.

187 1175 305 1235 Junotis
327 1173 451 1234 miiitiae
473 1177 580 1236 turmis
602 1173 797 1254 peditumque
818 1175 953 1241 catervis,

224 1258 354 1338 Imperat
376 1260 407 1318 iu
431 1257 566 1320 Paridem
590 1277 644 1320 rex
667 1260 817 1320 animosus
840 1260 906 1318 iter.

181 1341 259 1403 Mille
282 1353 361 1404 rates
384 1343 497 1404 ducens
519 1346 594 1423 petit
615 1342 700 1414 Dion,
724 1342 842 1404 obsidet
863 1340 944 1411 iliud,
1099 1353 1151 1402 115

224 1428 323 1498 lrruit,
347 1434 435 1507 atque
450 1430 516 1504 *cito
538 1429 658 1489 vincere
681 1432 743 1489 sive
767 1430 853 1488 mori.

181 1513 311 1573 Fortiter
333 1510 452 1574 obsistit
474 1514 582 1574 Danais
605 1511 732 1592 Trojana
753 1510 902 1591 juventus,

226 1596 320 1676 Inque
344 1599 436 1661 vicem
460 1607 575 1674 strages
598 1597 728 1674 dantque
750 1598 909 1677 teruntque
932 1595 1021 1658 ieras.

183 1681 320 1761 Dumque
342 1680 397 1740 suh
420 1684 538 1743 incerto
559 1683 669 1762 pendet
691 1683 811 1742 victoria
836 1690 926 1750 certa,

226 1765 308 1826 Inter
330 1772 473 1845 utrosque
496 1766 546 1827 diu
569 1785 635 1828 sors
658 1763 738 1826 velut
759 1784 853 1846 aequa
876 1763 963 1828 volat.

184 1849 269 1911 Nunc
291 1850 322 1910 hi
345 1869 424 1912 nunc
447 1851 489 1912 iiii
512 1869 597 1911 versa
622 1852 683 1910 viee
706 1851 786 1910 terre
810 1850 946 1912 ridentur

225 1934 357 2004 Insidiae,
380 1937 468 2005 ictus,
492 1935 624 2004 vulnera,
648 1935 763 2004 Damna,
787 1935 882 2012 sugas.

185 2017 308 2079 Praeter
331 2037 505 2080 communes
527 2037 613 2080 casus
634 2021 788 2100 patiuntur
809 2019 912 2080 Achivi

220 2103 328 2186 ¹ltiuita,
352 2103 453 2174 sames,
477 2103 602 2182 pluvias,
625 2105 748 2182 frigora,
772 2122 886 2182 cauma,
909 2106 999 2164 sitim.

185 2188 342 2249 Aeacidem
357 2205 506 2268 ,maguum
521 2186 701 2251 Philoctetae
723 2187 799 2248 tastu
822 2191 945 2266 sagittas
1004 2211 1006 2215 ·

227 2273 365 2342 Poscunt,
388 2280 421 2333 ut
441 2274 556 2352 possint
578 2271 719 2350 Pergama
743 2290 830 2350 posse
852 2275 930 2350 capi,

184 2356 259 2416 Hine
281 2365 310 2416 et
333 2375 383 2418 eas
405 2358 525 2418 monitis
549 2367 647 2418 vatum
670 2357 761 2418 Danai
785 2355 840 2416 sibi
864 2364 1025 2436 quaerunt:

225 2441 288 2502 Hoc
310 2441 397 2503 iuror
418 2442 591 2507 Hectoreus.
616 2441 662 2502 his
684 2441 762 2502 cadit
784 2443 848 2522 ipse
871 2443 964 2502 Paris.

184 2524 255 2585 Sors
279 2525 385 2587 metior
407 2523 477 2586 beili
499 2525 624 2588 Teucris
645 2529 727 2586 stetit
748 2525 877 2586 Hectore
899 2534 1004 2595 stante,

227 2605 285 2679 Oui
308 2628 385 2690 spes,
409 2611 461 2690 qui
484 2607 614 2690 clypeus,
638 2612 687 2691 qui
711 2612 793 2688 rigor
815 2608 899 2670 urhis
922 2618 1020 2670 erat·

180 2696 217 2754 At
240 2693 323 2754 torus
345 2695 499 2764 Aeacides,
523 2703 555 2754 nt
578 2697 666 2762 venit,
689 2705 724 2756 ut
745 2693 870 2755 hectora
895 2695 974 2764 vicit,

223 2779 274 2839 Vis
295 2779 443 2840 Peucrtim
467 2781 543 2840 vieto
567 2778 683 2838 vindice
707 2780 782 2839 victa
804 2780 870 2840 fuit.

180 2862 323 2923 Aeacides
345 2872 473 2942 quantus
494 2864 594 2932 fuerit,
618 2863 661 2923 rei
685 2862 788 2943 qualis,
812 2872 841 2924 et
862 2861 951 2932 unde,

223 2946 334 3017 Prodit,
359 2955 389 3008 et
410 2950 543 3008 auctoris
565 2948 670 3027 pagina
693 2946 785 3009 multa
808 2947 904 3009 docet.

182 3032 214 3090 Si
237 3032 306 3102 rim,
330 3033 354 3092 si
378 3041 519 3103 mentem,
543 3033 568 3092 si
590 3031 666 3093 helia
689 3033 820 3111 requiris
841 3030 976 3092 Achiiiis:

224 3115 263 3175 Ut
284 3116 406 3176 doceam
429 3119 547 3197 paucis:
571 3115 700 3177 Hectore
724 3114 819 3194 major
841 3124 914 3176 erat.

180 3199 213 3259 ln
238 3203 344 3262 castris
365 3199 498 3262 Danaum
522 3201 704 3270 Palamedes,
728 3201 846 3271 Nestor,
870 3199 989 3280 Ulysses

224 3283 295 3344 Plus
317 3292 385 3344 sunt
408 3285 541 3355 consilio,
564 3303 652 3364 quam
675 3282 824 3363 probitate
847 3284 948 3344 duces.

179 3367 333 3436 Aeacides,
357 3366 438 3446 Ajax,
463 3369 630 3444 Diomedes,
652 3367 794 3447 Pyrrhus,
818 3367 951 3430 Atrides:

222 3450 277 3509 Hic
299 3451 364 3520 iios,
389 3452 437 3512 hie
459 3450 571 3522 iumen,
596 3451 645 3512 hie
667 3455 784 3532 pietatis
806 3470 892 3532 apex.
