2574 3976
423 219 486 272 aas.
508 219 553 269 vr.
591 236 616 271 v.
636 221 779 270 nor-aaa.
1025 179 1084 282 191

320 381 431 452 [ouon
449 383 489 436 m
507 355 622 437 annno
642 382 757 439 occist
775 383 892 453 sunm]

121 491 260 552 Dicamus
283 487 415 550 breviter
438 487 583 566 Trojanae
606 495 742 566 tempore
764 506 880 568 pugnae

161 575 312 653 Partaque
334 581 407 652 quot
429 580 538 634 stratae
560 573 620 632 sint
642 573 677 633 ab
703 571 830 652 utraque
849 573 952 652 guiae;

122 658 229 719 iliacos
251 659 368 718 cineres
388 669 455 734 post
479 657 646 718 deseruisse
668 655 808 735 Pelasgos

166 738 350 811 Scribamus,
374 740 464 818 gades
487 742 529 802 sic
552 739 610 802 sibi
632 741 697 818 figit
718 759 803 820 opus.

121 828 223 887 Antros
243 825 334 905 junge
357 825 469 900 decem,
494 843 543 884 sea
567 824 727 895 mensibus,
751 825 797 886 his
820 826 973 888 duodenos
1037 836 1087 886 705

164 909 245 971 tude
268 910 339 977 dies
363 917 478 969 tantum
502 909 609 970 Troica
633 926 730 987 pugna
753 915 852 979 stetit;

121 996 191 1055 Post
215 995 381 1070 octingenta
406 1011 457 1053 sex
481 996 689 1072 octogintaque
712 1012 813 1074 ponas,

165 1078 253 1139 Miiiia
277 1075 469 1154 Grajugenas'
484 1085 528 1137 tot
550 1078 692 1138 cecidisse
714 1081 800 1140 scias,

11 1179 13 1184 ·
122 1163 233 1224 Troum
256 1170 395 1223 sexcenta
418 1165 474 1222 tria
498 1163 686 1242 septuaginta
708 1173 834 1224 ruerunt

164 1244 264 1316 Miiiia,
288 1245 340 1306 sed
363 1246 494 1307 nondum
518 1246 675 1306 traditione
699 1246 780 1314 data:

123 1331 263 1391 Extrema
286 1338 372 1390 nocte
394 1332 528 1407 cinerum
552 1329 689 1390 cecidere
711 1331 837 1392 ducenta

167 1414 204 1475 Et
228 1415 328 1475 decies
351 1423 464 1493 septem
487 1413 577 1474 miliia
601 1432 712 1492 sexque
735 1416 896 1494 Phrygum.

123 1500 182 1559 Pro
204 1506 267 1560 toto
290 1499 402 1559 Troum
425 1515 551 1558 numero
573 1502 732 1576 nonaginta
757 1508 896 1560 vocantur

165 1582 202 1642 Et
224 1582 419 1662 quadraginta
443 1582 537 1642 miliia
559 1590 663 1662 terque
684 1586 767 1644 tria..

122 1665 259 1728 Millesies
279 1665 361 1730 mille
383 1668 553 1745 permixtim
576 1670 707 1747 quinque
731 1675 861 1728 trecenta
1037 1678 1087 1728 715

104 1823 106 1826 ,
165 1751 200 1812 Et
224 1749 316 1812 denos
338 1759 405 1811 octo
427 1749 518 1811 miliia
542 1769 627 1812 caesa
651 1760 730 1829 puta.

123 1833 238 1915 Quique
261 1833 483 1914 superfuerant,
507 1843 626 1896 ventum
649 1837 789 1913 dispersit
810 1838 841 1895 in
864 1854 982 1898 onruem

166 1919 253 1980 Sorte
276 1937 417 1997 premens
438 1918 504 1979 iilos
526 1921 677 1998 asperiore
700 1921 781 1980 deus

124 2003 198 2064 Cum
219 2003 342 2072 ratibus,
367 2001 474 2081 quibus
497 2003 533 2063 ad
559 2004 687 2064 Graecos
709 2005 792 2065 Paris
814 2007 908 2065 iverat
930 2004 1009 2074 oiim,

165 2087 289 2164 Navigat
311 2091 433 2156 Aeneas,
458 2087 608 2164 multaque
632 2087 718 2148 turha
741 2106 851 2150 eomes.
965 2087 969 2089 ’
1037 2099 1088 2148 tao

123 2172 196 2232 Cum
218 2170 445 2251 quadringentis
468 2179 498 2232 et
519 2170 647 2232 millibus
671 2191 734 2232 esse
758 2173 875 2234 duobus

11 2311 12 2320 ,
166 2256 280 2316 iticitur
303 2265 332 2316 et
355 2251 550 2316 telius'ddria
573 2263 650 2316 taeta
672 2253 728 2316 sibi
751 2265 805 2317 est.

11 2349 13 2418 t
123 2339 240 2422 Longas
262 2341 402 2399 sustinuit
424 2341 515 2400 maris
538 2342 607 2419 iras,
630 2357 698 2427 nam
721 2339 899 2402 sceleratum

165 2425 223 2485 Per
245 2441 337 2491 mare,
362 2441 415 2502 per
438 2433 533 2484 terras
555 2425 679 2501 septima
700 2423 792 2503 jactat
813 2425 918 2486 hiems.

123 2509 226 2584 Longo
249 2507 382 2568 membra
406 2506 486 2566 dedit
508 2507 711 2568 infelicissima
733 2507 822 2578 helio,
1038 2519 1087 2566 tas

166 2592 294 2653 Externa
318 2591 435 2652 tandem
459 2591 596 2653 conditus
619 2591 687 2652 exui
709 2591 810 2653 humo.

123 2673 256 2736 Antenor
278 2674 358 2736 subit
379 2675 563 2754 Hesperiam,
588 2677 647 2738 duo
668 2675 760 2737 miliia
782 2693 882 2739 secum

167 2759 323 2821 [reducens
344 2761 447 2839 popuii
469 2769 574 2838 pausat
594 2761 736 2822 humatus
756 2761 810 2824 ibi.

123 2842 247 2904 Hecuba
270 2845 463 2906 Cassandram
486 2863 587 2906 secum
610 2845 708 2914 trahit,
732 2845 1019 2924 Andromachenque

165 2928 312 2996 Hectoris,
335 2936 380 2989 est
402 2927 533 2988 Helenus
556 2930 720 2989 associatus
743 2930 796 2990 eis.
1037 2940 1087 2988 730

124 3012 186 3073 Una
209 3011 386 3091 Sybissarum
409 3010 571 3072 Cassandra
595 3013 686 3072 inisse
708 3019 836 3091 putator,

166 3095 203 3157 Et
224 3095 302 3157 bene
323 3095 483 3158 concordat
506 3099 647 3174 temporis
669 3095 742 3157 hora
764 3099 819 3158 rei.

123 3180 197 3242 Nam
219 3180 274 3242 sub
295 3179 444 3259 judicibus
467 3189 496 3240 et
518 3180 621 3240 eodem
644 3189 787 3260 tempore,
811 3179 918 3258 Trojae

167 3264 267 3326 Gloria
290 3283 349 3346 quo
372 3264 488 3332 cecidit,
515 3274 617 3345 quarta
641 3259 753 3343 Sybilia
776 3264 841 3325 iuit.

122 3498 180 3549 pud
192 3434 250 3483 711.
269 3434 378 3498 Margo:
399 3447 479 3496 quum
499 3433 656 3484 incinerata
673 3432 734 3486 fuit.
804 3415 862 3484 tao.
880 3431 990 3498 Margo:
1008 3428 1088 3495 juxta

182 3515 234 3552 um.
