2590 3984
437 195 500 246 Lib.
518 194 571 250 ΙΙΙ.
606 212 632 251 v.
651 197 794 250 ota-ato.

129 349 268 412 Induitur
290 346 401 422 trabea,
427 346 479 407 sed
502 347 579 409 nulla
603 351 736 426 potentia
757 347 844 426 longa

177 432 320 510 Persolvit
343 440 442 509 grates
464 432 662 510 imperitando
685 433 795 493 sedem,

130 517 197 578 Non
220 516 317 597 placet
338 515 482 577 Aeacidae
504 516 589 594 regni
611 518 749 587 mutatio;
773 534 862 596 saepe
889 573 893 581 s

174 602 233 662 lies
256 619 324 662 curn
348 603 484 680 personis
506 619 539 661 se
562 602 675 661 variare
697 599 803 666 solent.
1051 611 1102 660 666

308 763 450 818 ITERUM
468 762 643 818 REDEUNT
663 729 927 820 6666666166.

134 871 250 932 Interea
273 869 351 930 binis
374 871 492 930 anstssis
514 869 670 930 mensibus
695 877 723 930 et
744 889 802 949 pax
889 908 893 913 ‚

178 955 229 1015 Est
252 953 339 1014 slmul
365 955 480 1024 emissa,
505 953 536 1012 iit
558 970 648 1013 sonus
672 952 782 1036 absque
805 972 896 1015 mora.

133 1039 243 1101 Educil
265 1037 394 1098 Graecos
416 1037 598 1107 Palamedes
622 1036 727 1098 bellica
752 1039 849 1117 signa·

176 1123 334 1188 Instaurat,
359 1140 470 1183 cuncos
493 1121 619 1192 ordInat,
645 1133 726 1182 arma
748 1123 833 1184 levat.

132 1207 243 1270 Contra
265 1205 435 1286 Deiphobus
458 1205 601 1286 Phrygios
623 1207 654 1266 16
676 1205 791 1284 proelia
815 1207 905 1275 ducit,
1051 1217 1100 1264 666

177 1292 376 1360 Concurrunt,
399 1298 542 1369 pugnant,
566 1290 684 1350 sortiter
708 1309 787 1352 arma
811 1298 926 1351 sonant.

135 1375 178 1437 De
200 1376 287 1454 Lycia
311 1373 465 1454 Sarpedon
489 1373 572 1434 adest
594 1381 624 1434 et
646 1377 677 1434 in
701 1377 820 1451 agmtne
844 1377 948 1436 miscet

177 1461 307 1521 Vulnera
330 1457 495 1526 funeribus,
518 1458 621 1519 lunera
647 1455 831 1520 vulneribus.

132 1543 200 1604 Tali
223 1540 422 1622 Triptolemus
443 1541 557 1622 jactura
580 1548 679 1606 motus
703 1545 799 1606 atroci

148 1675 151 1682 .
177 1627 296 1709 Impetit
318 1627 398 1688 hunc
421 1627 527 1697 animo,
553 1642 641 1702 quom
664 1627 774 1706 premit
795 1626 907 1704 absque
929 1643 1022 1690 mora.
1052 1635 1102 1684 666

70 1711 73 1716 “
132 1712 292 1792 Temperat
313 1710 362 1771 ille
384 1710 505 1772 modum
528 1711 730 1791 reprimendo,
753 1729 809 1772 nec
831 1711 981 1771 moderari

178 1795 357 1857 Obsistendo
380 1794 468 1855 modo
491 1794 623 1873 pervalet
645 1793 695 1855 ille
717 1795 848 1855 modum.

132 1879 199 1940 Non
222 1881 299 1940 ridet
320 1881 437 1940 lortuna
462 1878 520 1948 diu,
545 1879 634 1939 ulmis
655 1878 882 1940 Immoderatum

178 1962 314 2024 Vulneris
336 1962 446 2042 lnjoctu
469 1980 551 2024 mors
575 1962 747 2023 moderatur
770 1963 887 2028 harum.

133 2048 169 2108 ln
192 2047 303 2109 bellum
326 2048 432 2108 Perses
455 2047 589 2108 succedit
611 2066 738 2127 eumque
761 2053 884 2127 repente
1052 2056 1101 2105 666

178 2131 333 2212 Sarpedon
357 2132 471 2202 sternit,
495 2139 631 2192 mortuus
653 2130 703 2191 ille
726 2131 813 2192 cadit.

135 2214 244 2277 llirtim
267 2235 299 2277 se
321 2217 447 2295 populus
470 2216 638 2283 obtruncat,
661 2222 763 2276 mutuo
786 2224 923 2284 mactant,

178 2300 369 2373 Sternuntur,
394 2307 541 2367 sternunt,
566 2296 658 2358 millia
682 2299 772 2360 multa
796 2297 913 2360 cadunt.

135 2384 270 2453 Ridetur,
294 2383 404 2445 chorda
428 2385 479 2462 qui
501 2400 619 2460 semper
642 2384 762 2443 oberrat
785 2385 898 2454 eadem,

179 2469 317 2539 Quavas
341 2471 381 2528 sit
403 2468 506 2527 doctus
529 2477 559 2526 ct
581 2467 733 2527 citharista
758 2467 861 2527 bonus.
1053 2477 1102 2526 oto

136 2553 263 2614 Vocibus
285 2555 398 2613 Instare
421 2569 475 2612 nos
498 2569 615 2628 semper
638 2558 720 2629 optat
742 2551 867 2612 eisdem:

178 2638 369 2706 Sternuntur,
392 2643 535 2705 sternunt,
560 2635 654 2696 mlllia
676 2635 768 2696 multa
792 2637 910 2697 cadunt.

135 2721 224 2782 Certe
247 2739 336 2799 saepe
360 2721 447 2782 docet
469 2738 524 2780 nos
547 2721 663 2780 cordam
687 2728 819 2798 tangere.
844 2739 897 2799 per
920 2739 1007 2800 quarn

178 2805 279 2866 Debita
303 2809 486 2884 praecipitur
509 2806 627 2883 saepius
650 2807 693 2864 166
716 2814 795 2865 nota.

136 2889 236 2966 Pugna
260 2890 378 2965 quidem
403 2907 517 2966 magna,
541 2889 636 2968 major
656 2889 805 2968 jactantia,
829 2900 943 2966 strages
1053 2898 1102 2946 666

178 2975 304 3035 Maxima
328 2973 468 3043 desaevit,
491 2971 575 3052 plebs
597 2975 681 3050 quasi
703 2973 816 3048 grando
839 2976 909 3034 ruit.

204 3145 262 3196 650.
282 3141 347 3195 (lod.
363 3140 517 3206 protheare.
532 3155 638 3205 margo:
658 3144 769 3190 mutare.
806 3142 863 3193 651.
878 3141 988 3204 Margo:
1003 3142 1103 3206 Pugna

138 3211 202 3273 XII,
221 3212 250 3259 in
270 3225 322 3274 qua
341 3208 482 3274 Sarpedon
500 3223 547 3257 rex
564 3209 669 3271 Lyciae
688 3210 788 3259 occidit
805 3208 1008 3273 Triptolemum.

137 3280 196 3329 669.
215 3280 256 3329 70.
275 3280 315 3331 Il.
335 3279 440 3341 Margo.
460 3276 506 3325 hic
523 3280 639 3326 excusat
657 3291 687 3325 66
707 3281 802 3327 auctor
819 3291 899 3339 super
912 3291 954 3338 eo,
973 3274 1045 3340 quod
1060 3289 1104 3326 co-

137 3346 214 3410 gitur
231 3359 316 3410 saepe
337 3345 431 3395 eadem'
449 3347 579 3408 repetere.
615 3344 681 3393 Hor.
699 3342 751 3394 Ars
770 3349 841 3408 poet.
856 3345 919 3402 355.
937 3343 978 3392 56.

221 3413 352 3475 Quamvis
371 3418 415 3462 est
432 3411 560 3474 monitus,
579 3411 662 3462 venia
680 3419 768 3473 curem
789 3416 819 3460 at
838 3409 1010 3460 citharoedus

221 3481 345 3543 Efflatur,
365 3479 467 3530 chorda
486 3479 532 3542 qui
551 3492 659 3544 semper
677 3479 789 3529 oberrat
808 3478 911 3532 eadem.
