2590 3984
451 183 514 234 nrt.
533 184 579 240 rr.
616 201 643 236 v.
663 184 773 235 re-ru.
818 145 822 158 ⁵
935 167 941 180 “
1034 183 1095 248 103

359 345 486 402 PUGNA
504 346 697 403 DUODEGIM
714 346 865 407 DIERUM.

131 455 194 516 Lux
216 451 294 514 redit
317 461 347 513 et
368 453 495 514 redeunt
517 454 547 513 iu
570 452 690 524 bellum,
714 469 812 533 pugna
834 455 866 515 lit
889 456 977 525 aeris,

172 537 279 599 Edueit
302 537 433 598 Graecus
455 556 507 598 rex
531 537 710 616 Troilusque
733 555 810 598 suus.
1066 548 1101 598 50

131 622 192 684 Nee
215 623 314 682 mora!
337 640 369 682 se
393 622 519 683 densant
542 641 630 683 enses
653 631 682 683 et
704 621 819 701 spicula
841 620 949 692 laxant,

173 707 287 775 Omnia,
311 724 387 786 quae
410 715 578 784 penetrant,
602 708 755 784 sauguinis
777 705 874 766 imbre
896 708 1005 784 rigant.

131 789 280 852 Culminat
303 808 319 849 e
342 789 421 850 bellu
444 788 571 865 Troilus,
596 793 779 852 contaminat
801 808 902 851 ensem

175 874 324 952 Sanguine
346 892 426 935 nune
449 874 553 952 plebes
575 892 655 935 nuuc
678 875 812 936 leniendo
836 874 936 936 duces.

131 959 238 1036 Magno
261 974 293 1017 se
316 958 434 1019 ludiunt
455 961 562 1020 iratum
587 957 660 1018 velle
684 959 846 1027 studentes
1062 968 1095 1017 55

175 1042 238 1102 Hae
260 1041 338 1102 luria
360 1041 408 1103 bis
431 1061 483 1103 ser
507 1045 681 1105 continuare
704 1045 776 1104 dies.

131 1123 185 1187 His
207 1125 283 1187 bene
307 1126 462 1206 eompletis
484 1146 539 1206 pro
562 1145 635 1206 paee
658 1135 799 1206 precatur
821 1125 939 1188 Atrides

173 1211 212 1272 Ut
233 1229 285 1271 sua
308 1214 452 1290 suscipiat
474 1211 580 1273 lunera
603 1219 698 1272 mater
721 1212 840 1272 humus.

131 1294 188 1355 Per
211 1311 327 1356 meuses
349 1295 436 1356 datur
458 1295 508 1356 illa
532 1296 606 1356 duos
629 1303 659 1355 et
680 1313 733 1356 rex
755 1295 944 1356 Palamedem

178 1379 334 1456 Magnifice
357 1379 472 1458 sepelit,
496 1379 623 1456 lugubre
646 1397 767 1440 carmen
792 1381 859 1456 agit.
1066 1389 1101 1438 60

131 1461 263 1542 Quisque
285 1464 383 1524 studet
408 1463 535 1541 sepelire
558 1482 638 1532 suus,
662 1464 708 1524 his
731 1482 800 1524 vero
823 1463 946 1542 sepultis

173 1547 306 1608 Membra
329 1545 429 1608 brevis
451 1548 571 1628 requies
594 1549 629 1609 ad
653 1547 729 1625 mala
752 1549 840 1626 longa
863 1549 952 1612 luvet.
1039 1603 1041 1610 .

327 1710 504 1766 ACHILLES
523 1711 690 1767 REOUSAT
709 1711 893 1766 PUGNARE.
969 1755 971 1758 .

130 1816 280 1895 Tempora
301 1816 383 1896 pacis
408 1825 507 1884 erant:
531 1816 700 1888 liiomedes,
723 1817 841 1887 Nestor,
866 1816 965 1880 Ulixes

174 1899 322 1963 Aeaciden
345 1901 464 1971 adeunt,
488 1900 565 1962 bella
588 1902 687 1962 levare
710 1909 825 1982 petunt.
871 1963 873 1969 ,

131 1986 193 2046 Huc
215 1988 418 2063 Agamemnon
442 1987 484 2046 eis
507 1994 714 2066 praeceperam
738 1984 789 2047 ille
813 1984 957 2047 rebellem
1065 1995 1099 2045 65

174 2068 326 2130 Obiieieus
349 2070 470 2140 vultum,
495 2069 572 2130 bella
594 2068 693 2131 levare
715 2078 813 2148 negat.
838 2115 840 2120 .

131 2151 262 2223 Hecuba,
286 2171 324 2214 ne
346 2170 486 2233 pugnem,
510 2153 590 2224 dieit,
615 2173 682 2216 eum
705 2172 776 2232 rege
798 2156 922 2232 rogavit.

174 2239 261 2308 Vovi;
283 2239 405 2298 mentiri
428 2237 538 2300 talibus
561 2256 649 2300 ausus
672 2239 741 2299 eru?

131 2323 194 2384 Nee
215 2321 289 2382 mihi
310 2341 396 2382 meus
419 2319 499 2391 belli,
523 2324 623 2401 potius
645 2323 784 2383 desidere
806 2339 919 2402 pacem,

174 2406 274 2483 Longa
298 2423 432 2466 cremare
455 2407 533 2466 mala
556 2407 611 2467 seit
633 2408 726 2476 furor,
750 2409 795 2468 ira
818 2405 926 2467 brevis.
1069 2417 1103 2464 το

132 2489 182 2551 Lis
205 2490 306 2553 edium
329 2496 461 2568 generat,
485 2491 643 2551 eoncordia
666 2493 762 2551 nutrit
784 2508 926 2560 umorem,

176 2574 236 2635 Pax
258 2581 356 2652 portat
378 2575 476 2645 vitam,
499 2572 612 2654 proelia
635 2593 705 2635 vero
728 2592 843 2635 necem.

131 2656 257 2720 Odimus
280 2659 459 2738 accipitrem,
483 2661 552 2737 quia
574 2676 694 2738 semper
715 2661 786 2720 vivit
808 2663 840 2720 iu
863 2661 961 2728 armis,

175 2743 211 2803 nr
234 2743 369 2803 timidum
392 2743 496 2804 solitus
518 2746 549 2805 in
571 2762 662 2824 pecus
684 2746 728 2805 ire
753 2744 849 2823 lupus.

131 2827 263 2906 Reginae
285 2825 401 2905 Trujae,
425 2845 464 2888 ne
487 2827 593 2890 duearn
616 2829 737 2908 proelia,
760 2829 842 2897 vovi;
1069 2837 1101 2885 75

200 2997 241 3046 53.
260 3011 274 3044 e
293 2993 430 3058 margine,
449 3010 498 3059 pro
517 2995 576 3044 eod.
595 2996 743 3046 oeamiuet.
815 2996 855 3050 56.
876 3011 890 3044 e
910 2995 1032 3059 margine
1050 3010 1101 3059 pro

132 3061 192 3112 eod.
210 3062 291 3114 ferie.
361 3064 402 3113 59.
422 3063 528 3126 Margo.
563 3061 623 3112 Pax
641 3061 694 3112 VII
712 3076 761 3128 per
779 3062 846 3112 duos
865 3076 980 3113 menses.
1034 3064 1102 3112 'll-

131 3131 173 3180 74.
193 3129 246 3180 Ov.
263 3130 317 3179 Aru
334 3128 371 3190 Π,
390 3130 515 3180 ltu-48.
959 3161 960 3164 =

250 3198 374 3247 Dextera
391 3200 540 3262 praecipue
559 3197 635 3261 eupit
653 3195 828 3262 indulgentia
846 3203 969 3248 mentes:

284 3261 429 3328 Asperitas
448 3264 548 3325 odium,
569 3279 709 3328 saevaque
728 3265 815 3314 verbe
834 3273 953 3315 movent.

251 3329 366 3380 Odimus
383 3332 551 3396 accipitrem,
571 3332 635 3396 qnia
654 3347 762 3396 semper
780 3333 851 3382 rivit
868 3332 897 3381 in
916 3331 1007 3396 armis,

284 3398 321 3446 rut
339 3398 467 3463 pavidum
487 3399 583 3449 solitos
601 3399 629 3447 iu
648 3413 735 3464 pecus
752 3400 793 3448 ire
811 3398 898 3463 lupus.

132 3467 173 3517 rt.
192 3482 207 3516 e
225 3466 351 3530 margine
369 3481 419 3530 pro
437 3467 557 3530 inpetus.
