2590 3984
204 191 264 254 112
516 192 579 242 urs.
597 191 644 241 1v.
673 205 698 240 v.
716 191 860 242 era—ets.

202 345 311 406 Verum
334 343 535 424 Myrmidones
557 345 719 404 instaurat:
743 341 824 404 nulla
846 343 951 422 rapina

246 431 314 500 Vos,
339 429 388 499 ait,
412 426 519 490 alliciat
541 427 611 489 dum
634 443 739 489 mucro
762 436 845 504 terga
869 435 960 489 secat.

202 513 360 593 Nunquam
382 532 432 575 res
453 513 556 584 hostis,
580 514 657 574 victo
678 528 739 572 nou
762 511 858 581 hoste,
882 511 987 572 levetis

247 600 345 678 Saepe
366 597 475 660 fefellit
497 615 571 676 opus
593 595 703 676 praeda
725 594 821 657 lerata
843 598 935 676 prius.

203 683 301 745 Corde
322 682 443 745 leonino
464 698 516 742 vos
539 679 690 760 objiciatis
711 681 743 742 in
764 681 891 752 hostem,
940 753 943 758 1

244 769 328 830 Mens
350 767 462 846 leporis
484 765 563 828 hello
588 768 637 825 vix
658 765 735 826 valet
758 783 810 826 ova
833 765 903 826 duo.

203 850 282 922 Quot
304 853 423 914 Troilus
446 850 528 912 vobis
550 851 718 912 numeravit
739 849 854 920 lunera,
878 849 990 920 nostis;

246 936 389 999 Novimus
410 939 578 1004 innumera,
602 951 678 1014 quae
701 951 860 996 numerare
882 933 961 994 velit.

204 1023 237 1084 ln
261 1021 397 1083 Troilum
420 1021 517 1082 solum
540 1022 619 1080 vires
642 1019 802 1098 expendite
824 1024 910 1090 totas,

245 1105 346 1168 Discat
366 1109 399 1167 in
421 1112 576 1166 auctorem
599 1121 694 1182 poena
716 1103 816 1165 redire
837 1119 934 1164 suum.

204 1191 380 1252 Transierat
401 1207 457 1268 pro
479 1195 565 1268 parte
588 1188 661 1259 dies,
685 1187 864 1268 Troilusque
886 1185 1050 1248 timendum

246 1275 354 1355 Trojae
375 1275 556 1354 praesidium
579 1274 696 1334 ferreus
717 1274 810 1334 intrat
831 1289 946 1350 agrum.

204 1359 383 1422 Vectabatur
406 1376 482 1439 equo
505 1366 653 1438 tamquam
676 1358 724 1418 lco
746 1359 844 1418 lertur
865 1359 897 1416 in
919 1359 1022 1434 Argos,

245 1445 307 1506 Hos
331 1446 423 1521 lugat,
447 1450 480 1504 ut
503 1443 606 1504 credas
629 1440 706 1522 quod
727 1441 810 1522 juvet
833 1443 877 1502 ala
901 1441 1002 1522 pedes.

203 1525 404 1608 Myrmidones
426 1528 506 1590 docti
529 1527 630 1589 Troilo
653 1526 743 1588 simul
765 1532 796 1587 et
817 1524 909 1587 semel
931 1527 1046 1586 instant

245 1613 284 1674 Et
304 1612 421 1674 Danaos
443 1619 600 1680 revocatum
623 1610 720 1672 denuo
743 1609 819 1671 bolla
843 1618 961 1672 sonant.

203 1699 241 1759 At
262 1695 382 1758 Troilus
405 1713 509 1758 murus
531 1697 654 1776 patriae,
677 1697 824 1775 protectio
846 1693 953 1773 Trojae

245 1782 283 1842 Et
304 1798 372 1843 rosa
394 1783 519 1843 militiae
541 1787 656 1859 pugnat
678 1788 707 1841 et
730 1777 842 1859 absque
864 1796 945 1860 parc.

202 1865 290 1927 Haud
313 1865 398 1926 aliter
420 1865 562 1926 robustus
584 1882 656 1944 aper
678 1881 710 1924 sc
733 1863 810 1924 iortc
831 1869 1002 1943 prementes

246 1950 408 2011 Consuevit
429 1949 524 2011 nitido
543 1948 681 2010 scindere
703 1948 792 2010 dente
815 1965 912 2018 caneo,

204 2034 302 2096 Utitur
323 2035 372 2096 hic
394 2037 485 2095 armis
507 2034 592 2113 quasi
613 2031 801 2103 fulminibus,
824 2031 1025 2112 populusque

245 2118 367 2180 Corruit
388 2121 567 2179 innumerus
589 2116 667 2179 illius
689 2126 758 2180 ante
779 2134 894 2178 manus

203 2203 276 2265 Cum
299 2207 343 2264 sic
365 2203 529 2282 cornipede
551 2219 674 2262 versans
696 2204 727 2262 in
748 2202 843 2263 Marte
866 2207 1012 2269 coruscat,

246 2287 364 2348 Corruit
386 2288 519 2348 anterius
543 2287 667 2366 cuspide
688 2289 764 2347 fixus
787 2304 891 2367 equus.

202 2373 253 2433 Vir
275 2373 336 2432 ruit
358 2380 388 2434 ct
410 2371 502 2432 celeri
524 2373 645 2432 venicus
667 2371 743 2449 pede
765 2387 870 2431 saevus
891 2367 1019 2430 Achilles

245 2456 374 2534 Surgere
397 2458 531 2517 conantis
555 2455 660 2518 dissuit
683 2472 753 2517 ense
776 2460 873 2535 caput.

202 2539 332 2617 Palpitat
353 2546 382 2600 et
405 2540 537 2601 moriens
558 2539 696 2602 tellurem
720 2538 801 2601 calce
823 2539 941 2617 sigillat,

246 2623 283 2685 Et
304 2624 410 2684 lacicm
434 2642 542 2703 magno
566 2626 716 2702 sanguinis
739 2623 837 2684 imbre
858 2623 946 2700 rigat.

203 2707 251 2770 Sic
274 2710 332 2769 tiro
352 2707 470 2786 juvenis
491 2708 605 2787 rapitur
626 2708 802 2770 florentibus
825 2709 921 2776 aunis,

244 2792 314 2854 Flos
336 2793 440 2853 mundi
461 2791 564 2853 rutilat
585 2799 719 2872 tempore
741 2792 826 2854 valde
848 2791 941 2852 brevi.

200 2877 244 2937 Ad
267 2875 384 2938 Danaos
408 2876 527 2938 trahere
550 2894 660 2956 corpus
683 2885 807 2939 conatus
828 2874 966 2944 AchiMcs,

244 2961 401 3023 Memnone
424 2962 583 3023 Persarum
605 2978 678 3039 rege
699 2970 817 3023 vetante
839 2961 952 3040 nequit.

200 3045 298 3107 Occisi
321 3065 429 3125 corpus
451 3046 498 3106 hic
522 3046 620 3126 eripit,
644 3047 859 3125 Aeacidemquc
1118 3051 1170 3100 345

269 3280 412 3334 333001.
432 3281 536 3332 nidido·
605 3282 666 3332 335.
687 3278 798 3332 Guslth.
819 3277 898 3331 Alex.
917 3281 956 3342 11,
974 3279 1026 3331 tat

304 3347 485 3415 Cornipedem
502 3349 665 3400 versantia
683 3348 780 3399 dextro
798 3348 887 3398 Marte
907 3350 1042 3400 coruscat.

200 3413 345 3533 {tilitlfiner
362 3415 433 3482 legit
449 3431 565 3468 vexans.
635 3417 693 3468 337.
711 3415 824 3483 Margo:
843 3415 957 3467 Troilus
973 3413 1112 3466 occiditur
1131 3412 1169 3465 ab

226 3498 241 3533 c
262 3500 272 3531 1
296 3498 319 3533 e.
