2574 3976
189 188 249 253 m
499 190 847 244 mmvmm

231 343 363 403 Sustinet
385 341 553 402 occubitum
578 341 768 402 dinumerare
792 342 911 402 ducum.

188 426 266 497 Quid
290 426 425 496 recitem,
451 428 579 486 reticere
599 424 696 503 jurat;
717 424 900 504 justissimus
923 443 1001 484 unus
1264 481 1265 492 ,

231 510 288 581 Qut
310 512 366 571 suit
388 512 418 570 in
441 509 575 577 Teucris.
600 510 678 590 quod
702 509 1010 589 peritllripltens.¹
1109 519 1163 568 440
1264 569 1265 586 ¹

189 595 251 656 ltur
274 597 306 655 in
330 607 424 656 omne¹
442 595 539 662 noias;
564 604 665 673 postes
688 613 703 654 a
727 593 850 656 cardine
872 593 992 662 vellunt,
1264 589 1265 596 '

230 679 358 759 ipsaque
382 687 551 757 magnatum
575 679 690 740 domata
715 685 805 740 strata
829 687 926 749 ruunt,

188 762 267 824 Altas
291 762 435 841 dejiciunt
460 783 475 823 a
499 782 615 824 summo
638 763 759 824 cardine
782 769 890 837 turres,

232 848 293 909 larn
317 849 392 908 liunt
412 866 516 908 omnes
538 857 620 908 terra
643 848 807 926 domusque
830 865 927 927 pares.

191 931 341 992 Sternitur
366 939 524 998 extractus,
548 935 573 993 si
598 933 662 1010 quis
684 930 848 993 latitaverat
870 932 964 997 intus;
1109 941 1160 988 445

233 1014 324 1076 llulto
348 1016 533 1076 Teucrorum
557 1017 700 1092 sanguine
724 1016 815 1076 iumat
837 1017 952 1076 liumus.

189 1099 269 1160 Gens
291 1102 397 1160 victrix
424 1101 541 1160 tandem
565 1101 695 1160 Vulcano
718 1100 856 1161 fulminat
879 1100 993 1169 erilem,

234 1184 327 1243 Nemo
349 1192 412 1245 tum
437 1184 525 1244 latum
550 1183 621 1246 vidit
643 1186 672 1243 in
697 1184 770 1245 orbe
790 1187 900 1245 locum.

186 1267 322 1329 Flamma
347 1285 434 1328 vorax
459 1269 494 1328 ad
519 1269 596 1330 celsa
619 1267 721 1344 volans
743 1267 897 1329 obnubilat
920 1277 1000 1330 astra
1265 1325 1267 1356 v

231 1351 333 1431 Longe
357 1357 486 1434 seposita
509 1353 704 1433 percutiendo
727 1353 801 1413 loca.
1107 1363 1159 1412 450

188 1437 266 1498 Tros
288 1438 389 1505 miser,
413 1457 494 1498 arma
519 1440 634 1507 timens,
651 1439 788 1499 cummis
810 1439 904 1498 currit
925 1439 956 1497 in
980 1441 1073 1515 ignes,

233 1523 313 1599 ignis
335 1532 368 1582 ut
391 1521 460 1582 ltine
484 1525 552 1589 urit,
577 1540 680 1582 rursus
704 1522 739 1582 ad
763 1540 844 1583 arma
868 1524 937 1582 ruit.

188 1605 244 1666 llic
268 1606 374 1666 ardent
396 1605 494 1681 aedes,
519 1607 567 1668 lrie
591 1607 747 1668 detruncat
770 1606 927 1666 Diomedes

230 1690 287 1751 Per
313 1693 408 1752 varias
431 1691 537 1752 caedes
559 1690 690 1759 brachia.
715 1709 811 1761 crura,
835 1691 938 1770 pedes.

187 1771 238 1833 Vix
263 1777 302 1835 sit
326 1773 461 1836 habenda
484 1775 557 1837 tides
580 1784 652 1856 quot
674 1774 765 1835 millia
788 1777 892 1836 stravit
914 1774 1047 1843 atridem
1107 1785 1160 1833 455
1268 1805 1269 1836 ι

229 1857 324 1920 Omne
348 1860 468 1937 quidem
493 1863 593 1921 vivens
615 1878 709 1940 paene
732 1861 831 1938 perire
854 1858 946 1920 vides.
1268 1857 1269 1888 l

186 1941 332 2005 Densatur
355 1943 488 2022 plangor,
516 1946 586 2006 ierit
609 1964 699 2005 aurea
723 1944 820 2005 sidera
844 1943 964 2012 clamor,

229 2027 281 2088 Est
303 2031 382 2088 omni
408 2029 504 2105 major
527 2031 583 2090 iste
606 2027 707 2090 dolore
730 2027 824 2089 dolor.

533 2243 639 2314 [arms
658 2242 808 2313 Parent]

185 2381 322 2442 Forsitan
347 2389 377 2441 et
399 2380 512 2443 Priami
535 2383 645 2443 fuerint
667 2400 743 2461 quae
767 2382 834 2452 iata,
858 2383 1008 2462 requiras;

227 2465 295 2544 lpse
318 2467 382 2527 lere
405 2468 521 2546 primus
544 2466 599 2526 sub
622 2470 706 2526 neeis
728 2468 781 2528 ivit
803 2485 888 2526 onus.
1106 2475 1161 2524 460

191 2617 392 2625 -ss-—fi-

256 2701 314 2749 441.
333 2701 443 2767 Virgilii
461 2700 529 2751 Aen.
550 2700 586 2762 ΙΙ,
604 2701 654 2750 480
689 2733 721 2741 -
741 2729 772 2736 -
792 2707 886 2766 postes
906 2716 922 2750 4
941 2700 1051 2751 cardine
1068 2699 1159 2751 vellit.

184 2766 244 2816 44³.
262 2767 339 2832 Virg.
358 2769 425 2819 Aen.
446 2768 482 2830 11,
501 2771 560 2818 446.
578 2769 611 2816 46

305 2851 487 2903 Dardanidae
508 2855 603 2902 eontra
622 2857 710 2901 turrea
730 2867 763 2901 ae
782 2857 860 2902 tecta
877 2851 1016 2902 domorum

307 2918 434 2970 Culmina
452 2918 619 2970 convellunt.

186 3005 245 3055 447.
266 3001 378 3054 Gualth.
396 3002 476 3054 Alex.
495 3003 517 3062 l,
535 3005 585 3054 348

301 3088 424 3152 Imperat
440 3093 467 3136 et
484 3087 620 3152 reliquam
639 3087 765 3138 Vulcano
783 3087 914 3138 fulminat
932 3087 1035 3138 urbem.

186 3169 743 3233 mmmmmmmm

290 3258 347 3307 Iste
365 3271 462 3321 pyram
481 3271 606 3307 reverens
625 3255 732 3320 gladios
750 3255 883 3307 incurrit:
903 3261 933 3306 44
950 3255 998 3306 ille

289 3324 328 3374 Ut
346 3323 453 3388 gladios
474 3324 566 3390 fugiat
582 3323 689 3374 medios
707 3338 736 3373 se
755 3323 842 3373 mittit
859 3324 887 3373 in
905 3323 993 3389 ignes.

186 3409 245 3461 457.
265 3409 342 3474 Virg.
360 3409 427 3459 Aen.
445 3408 482 3461 ΙΙ.
501 3409 560 3458 488.
579 3407 630 3458 fer.
650 3424 707 3458 aur.
727 3407 776 3461 aid.
796 3407 875 3460 elam.
946 3410 1005 3459 459.
1024 3407 1100 3474 Virg.
1121 3408 1158 3470 11,

187 3477 246 3538 506,
282 3492 296 3525 4
321 3491 374 3540 quo
397 3475 458 3526 loeo
477 3477 563 3526 nostrl
581 3473 747 3539 ‚‚requires“
766 3477 930 3526 mutavimus
948 3475 977 3525 in
995 3475 1130 3540 requiras.
