2592 3978
453 197 515 248 ura.
534 197 556 246 1.
592 213 619 252 v.
637 197 781 248 ras-eor.
1056 193 1102 259 25

127 349 247 411 Moenia
271 366 332 409 non
354 349 448 410 tacuit
469 349 618 427 irrumpta
641 351 781 427 virosque
803 355 963 427 peremtus,
1047 355 1098 407 435

174 435 212 495 Et
234 433 386 502 reddatur,
410 434 458 501 ait,
483 442 568 512 repta
591 431 687 512 puella
710 433 792 492 mihi.

130 517 257 580 Obrivat
279 517 419 597 precibus
442 535 541 586 aures,
564 517 753 597 retinentque
775 521 910 578 sororem

175 602 279 663 Cetera
302 619 369 662 cum
392 601 526 662 lacerent
547 601 602 662 hac
624 601 768 662 redeunte
790 602 896 663 locum.

98 693 100 697 '
129 686 226 748 Immo
248 688 431 747 remiserunt
452 684 640 754 inhonorum,
665 693 787 763 propter
810 686 932 747 honoris

176 765 234 841 Oui
256 771 312 830 luit
336 777 364 830 et
386 771 467 848 pacis
487 770 594 830 nuncia
617 770 725 830 missus
749 771 801 830 eis.

129 853 244 933 Turpia
267 872 342 934 quae
364 854 466 915 tulerit
488 853 618 914 convicia
641 853 741 913 dicere
764 853 842 928 nolo,

176 937 212 998 Et
234 938 311 1018 qnod
336 937 372 1000 de
395 936 510 999 loribus
531 937 611 998 bunc
633 937 773 1017 repulere
796 939 865 999 suis.

129 1023 226 1092 Dicas,
250 1023 400 1083 Antenor!
422 1029 478 1084 tua
496 1023 554 1082 fine
576 1023 693 1099 negotia
716 1021 795 1102 quali

175 1104 330 1178 ClauseriS,
354 1114 387 1167 ut
409 1114 525 1166 constet
541 1104 687 1170 ¹omnibus
709 1107 765 1166 iste
788 1105 881 1167 stilus.

129 1191 240 1268 Incipit
260 1192 393 1251 Antenor
416 1190 558 1267 quaedam
583 1190 719 1258 recitare,
744 1208 799 1268 per
820 1190 868 1250 illa

175 1275 237 1335 lam
260 1273 372 1335 dudum
396 1275 513 1335 lucrant
534 1292 610 1354 quae
633 1274 691 1333 sihi
712 1275 788 1334 tacta
811 1275 888 1356 loca.

129 1359 238 1421 Indicit
260 1359 405 1438 Hesynem
429 1359 507 1439 quod
530 1356 643 1418 nollent
664 1358 802 1427 reddere,
825 1358 945 1420 demum

80 1501 82 1507 ,
174 1442 207 1502 ln
230 1442 360 1503 medium
384 1443 506 1503 veniunt
527 1441 646 1522 probra,
670 1441 795 1521 repulsa,
820 1443 926 1504 minae.

130 1526 258 1606 Suhjicit
279 1525 435 1596 hortando,
459 1533 492 1588 ut
514 1545 545 1586 se
570 1525 691 1587 robusta
714 1527 848 1588 iuventas

72 1627 76 1632 ’
176 1610 309 1672 Vindicet
331 1617 361 1670 et
383 1609 513 1672 Graecos
534 1609 625 1690 l'roja
648 1606 790 1671 mucrone
814 1610 919 1673 domus

245 1771 414 1828 PANTHUS
431 1771 636 1826 DISSUADET
654 1771 805 1827 RAPTUM
822 1773 977 1830 Hunnnn.

130 1877 264 1940 Panthus
287 1879 335 1939 cui
358 1879 474 1956 genitor
495 1876 686 1955 Euphorbius
709 1880 826 1954 agmine
848 1879 926 1942 lacto

173 1960 207 2024 ln
230 1962 330 2023 medio
353 1964 452 2044 coepit
474 1963 601 2040 agminis
623 1963 677 2022 ista
700 1960 791 2043 loqui.
996 2033 999 2038 ,

132 2046 182 2108 Sic
206 2049 328 2108 memini
351 2047 461 2107 dixisse
484 2054 607 2122 patrem,
633 2064 699 2106 narn
723 2047 850 2125 plurima
872 2051 955 2110 novit

175 2132 308 2210 lienique
330 2131 479 2210 praedixit
500 2146 588 2210 saepe
611 2131 709 2192 lutura
732 2132 815 2192 mihi.

132 2215 211 2278 Utile
233 2214 390 2275 consilium
414 2231 472 2274 non
495 2215 629 2284 aestimo,
653 2217 679 2274 si
702 2213 857 2277 mulierem

176 2299 357 2361 Graecorum
381 2299 469 2359 ducat
492 2317 508 2358 e
531 2300 653 2374 regione
675 2299 770 2360 Paris.

133 2383 164 2443 Si
187 2401 237 2443 res
259 2383 365 2443 ellectu
388 2381 552 2452 claudetur,
576 2380 664 2459 Troja
688 2382 807 2461 peribit,

177 2467 270 2538 Quam
293 2466 387 2528 modo'
403 2477 485 2526 terra
507 2474 601 2540 tenet,
625 2484 734 2544 pascua
755 2466 856 2527 bubus
877 2469 942 2529 erit.

132 2551 198 2629 Otia
220 2552 328 2611 sectari
350 2549 508 2630 pulchrum
531 2551 625 2626 magis
647 2549 770 2611 aestimo
791 2550 878 2622 liber,

174 2632 270 2705 Quam
292 2653 324 2694 se
347 2636 467 2696 servitio
490 2641 568 2694 mota
589 2650 749 2713 perarma
772 2635 871 2698 darer.
1045 2649 1098 2698 too

134 2719 238 2780 Totins
261 2726 307 2779 est
327 2721 455 2780 iacuisse
478 2718 575 2792 thoro,
599 2719 731 2781 tenuisse
752 2720 893 2782 choream

173 2801 321 2864 Troiciam
345 2803 446 2881 digitis
467 2803 654 2879 increpuisse
676 2803 779 2882 lyram,

132 2886 225 2957 Quam
248 2885 386 2948 manibus
409 2887 529 2966 clipeos,
545 2893 575 2946 et
595 2896 699 2947 acutae
721 2887 855 2964 cuspidis
877 2890 988 2950 hastam

173 2971 211 3032 Et
232 2969 345 3050 galeam
369 2989 472 3050 pressa
495 2970 669 3032 sustinuisse
692 2988 785 3032 coma.

197 3139 255 3189 437.
286 3138 395 3190 obrivet
422 3154 456 3188 ex
482 3139 606 3204 margine
629 3155 678 3204 pro
703 3138 822 3190 codicis:
849 3139 966 3192 obbtret.
1035 3145 1096 3196 438.

130 3203 217 3270 Mnrg.
235 3205 288 3256 hec
305 3207 437 3256 redeunte
455 3205 545 3256 locum
564 3222 619 3257 nou
638 3205 746 3260 bellum.
765 3221 814 3272 pro
827 3206 878 3259 hac
891 3209 1028 3260 redeunde
1041 3209 1095 3262 loc.

129 3273 187 3322 441.
209 3288 223 3322 e
243 3274 366 3338 margine
384 3289 433 3338 pro
453 3272 586 3337 conjurie.
655 3275 716 3325 449.
734 3274 801 3326 blec.
814 3275 956 3327 Hortendo
973 3276 1096 3342 subjicit.

128 3339 185 3393 451.
204 3339 384 3405 Euphorbus,
404 3355 482 3407 quern
501 3347 596 3394 noster
612 3341 787 3406 Euphorbius
805 3343 928 3394 nominat
946 3359 1001 3395 non
1016 3350 1097 3410 peter

130 3405 178 3457 sed
195 3402 269 3456 filius
287 3405 389 3458 Panthi
412 3409 473 3459 fuit.
541 3410 600 3460 460.
620 3425 634 3458 e
653 3411 778 3474 margine
796 3425 845 3474 pro
863 3411 896 3465 ei.
965 3413 1094 3463 464-64.

130 3472 223 3525 Ovidii
242 3473 335 3526 herod.
352 3475 404 3541 111,
424 3478 557 3527 tit-120
575 3475 738 3542 deprompti.
