2574 3976
77 217 79 219 ,
189 157 250 224 138
508 163 568 212 Lib.
587 163 620 211 0.
650 177 676 212 v.
698 165 838 214 rna-aaa.
904 197 907 204 .

188 314 252 374 Nun
277 312 489 389 latumgladio
511 312 589 374 latus
610 313 811 392 imperterrita
835 317 935 394 cingit,

230 396 348 459 Casside
371 397 518 458 llamtnata
542 401 637 458 munit
659 409 689 460 et
709 397 758 458 illa
782 410 879 478 caput.

191 482 283 542 Exilit
304 491 425 549 armata,
447 482 555 562 probat
577 501 676 544 armos
699 492 727 543 et
750 484 856 563 probat
879 503 969 552 arma,
1106 496 1159 544 105

229 569 272 626 tin
295 567 361 627 1000
383 568 547 628 0000000100
569 585 668 628 armus
691 579 721 628 at
743 587 822 630 arma
835 567 946 634 uelint.

189 651 241 711 Est
264 650 316 711 ubi
340 652 458 728 cuspis?
480 653 528 722 ait,
552 661 580 712 et
604 670 669 712 eam
692 671 797 714 manus
818 653 908 714 allera
932 654 1044 733 pendit,

229 735 285 796 Sie‘
299 735 367 796 salit
388 737 418 795 in
443 746 556 796 vastum
579 738 663 812 virgo
685 738 778 799 0101110
801 756 926 816 equum:

189 819 378 880 Fulmineum
402 821 536 900 clypeum
560 819 647 882 lateri
669 821 746 882 locat
767 821 817 883 illa
839 825 973 889 sinistro,

232 902 333 965 Calcat
353 904 552 982 flammigeras
574 904 646 966 tibia
670 904 754 967 docta
779 915 903 986 strepas.
1102 917 1156 966 200

192 985 295 1048 Calcar
319 1006 427 1068 equum
451 993 565 1066 pungit,
588 991 623 1050 ad
647 991 742 1050 sidera
765 992 866 1052 lancea
888 994 995 1069 surgit,

228 1075 265 1133 tt
286 1083 403 1151 portam
427 1071 540 1136 validus
562 1077 775 1153 praecipitatur
798 1093 903 1156 equus.

190 1155 335 1234 Cornipes
357 1159 387 1217 in
409 1156 548 1236 phaleris,
573 1158 746 1220 muliercula
770 1159 879 1236 gaudet
901 1161 930 1221 in
954 1163 1054 1232 armis,

231 1240 462 1320 Quadrupedum
486 1243 596 1322 plantis
617 1243 713 1322 ampla
735 1244 831 1322 platea
855 1246 976 1323 strepit:

186 1324 306 1386 Casside
328 1326 514 1397 flammescit,
537 1327 658 1408 phalera
682 1330 778 1398 micat,
803 1347 873 1390 ense
896 1339 1049 1398 coruscat:
1100 1340 1152 1390 205

230 1409 307 1470 Huic
330 1419 400 1472 sunt
421 1429 489 1472 saxa
512 1412 637 1490 glomus,
662 1413 717 1474 tela
742 1432 871 1494 veruque
894 1413 986 1480 culus.
1087 1435 1097 1450 .

186 1493 265 1555 Huic
287 1495 408 1575 clypeus
430 1496 582 1575 speculum
606 1497 711 1565 luerat,
735 1501 886 1575 cassisque
908 1500 1072 1569 teristrum,

229 1579 351 1641 Scutuur
374 1581 537 1657 girgillum
561 1582 661 1642 lancea
685 1582 804 1659 supplet
825 1601 920 1644 acum.

186 1662 271 1725 Ensis
293 1666 319 1723 ei
343 1666 441 1725 lusum
465 1675 661 1733 converterat,
685 1685 772 1727 arcus
795 1667 944 1735 alalrrum;

229 1747 380 1809 Armillam
403 1748 553 1828 pharetra.
577 1751 656 1812 clava
679 1751 789 1811 monile
811 1751 892 1812 lacit.
1100 1765 1152 1814 210

188 1831 212 1892 E
235 1842 321 1909 porta
344 1833 469 1893 volitans
492 1837 568 1912 gerit
590 1832 649 1896 altu
671 1837 761 1896 corde
784 1835 898 1896 leonem

229 1917 327 1996 Seque
350 1921 433 1996 sequi
457 1926 583 1980 turmam
607 1921 751 1999 praecipit
774 1919 822 1982 illa
845 1921 1002 1999 Phrygem.

187 2000 271 2062 lianc
293 2003 371 2061 acies
392 2004 527 2081 sequitur
550 2002 705 2073 imberbis,
728 2023 795 2065 cum
819 2014 886 2066 cute
910 2004 1018 2066 barbas

222 2085 344 2145 -liadere
367 2083 560 2164 Graiugenas,
584 2107 654 2149 ense
677 2107 780 2150 secare
803 2107 904 2166 genas.

185 2168 304 2249 Spicula
328 2187 387 2230 nen
410 2171 528 2250 specula
552 2171 637 2232 miles
659 2174 827 2234 considerat
850 2177 915 2239 ista.
1099 2187 1150 2236 215

228 2254 320 2314 Docta
343 2257 436 2332 magis
459 2254 566 2317 cellum
590 2275 678 2337 quarn
702 2257 830 2336 00011000
853 2257 960 2321 celum.
997 2322 1001 2330 ,

185 2336 266 2407 Quae
290 2338 366 2399 bene
388 2341 548 2419 pugnabat,
572 2344 697 2420 patriam
720 2341 797 2402 bene
822 2350 943 2404 noverat
965 2351 1069 2414 artem,

227 2423 347 2484 Mittere
370 2442 445 2503 quae
468 2434 585 2503 0010001
608 2424 673 2494 1010,
698 2425 806 2487 diserta
830 2429 898 2489 luit.

277 2569 428 2638 [PUGNA‚
447 2573 487 2626 IN
506 2572 580 2637 QUA
598 2572 733 2628 GRAECI
751 2573 887 2645 FUGATI
905 2574 1057 2646 SUNT.]*)

185 2674 247 2735 Nec
269 2677 367 2737 minus
389 2680 506 2739 Atrides
529 2683 636 2740 castris
660 2679 759 2738 educit
781 2680 907 2741 Achivos

228 2759 395 2822 Sollicitans
417 2763 537 2841 pavidos
561 2781 694 2832 munere,
720 2763 805 2822 laude
828 2767 915 2830 01000.
1099 2777 1151 2824 000

183 2844 291 2906 Obviat
314 2863 385 2922 ergo
409 2850 490 2920 viris,
514 2846 580 2925 plus
602 2866 689 2927 quam
713 2849 765 2917 010,
790 2851 874 2927 virge
895 2847 991 2911 0101110

227 2931 278 2988 Vir
300 2930 408 3005 studio,
431 2934 531 3012 specie
553 2934 691 3000 foemina,
715 2933 804 2992 corda
826 2933 882 2994 leo.

185 3013 210 3074 lt
233 3013 316 3073 00010
339 3014 510 3093 clamorque
533 3019 629 3078 virum
654 3017 825 3097 clamorque
849 3016 997 3086 tubarum,

252 3250 310 3299 202.
331 3249 418 3300 Auen.
436 3251 542 3302 Nevell.
561 3267 587 3315 p.
606 3254 665 3314 011,
683 3252 731 3302 110.
752 3255 792 3303 11.

286 3316 397 3368 Gaudet
413 3331 499 3382 equus
518 3319 650 3384 phaleris.

185 3383 245 3433 209.
264 3381 355 3436 Schul.
374 3384 410 3437 al.
429 3385 534 3450 1000001.

251 3449 277 3510 ⁸)
297 3449 388 3503 Scirol.
406 3453 551 3526 marginis:
569 3453 666 3518 Pugna
685 3455 754 3505 xxiii
772 3470 821 3520 per
840 3454 947 3520 aliquot
966 3427 1036 3510 (1100.
