2590 3984
441 227 504 278 aaa.
521 226 558 278 11.
587 214 619 278 ἰ
638 227 780 279 are-eoa.

124 380 258 444 Obsistit
279 375 439 440 Telamone
461 387 543 440 satus
565 381 736 458 raptimque
757 385 884 442 notatam

173 470 196 526 Δ
219 463 315 542 prime
337 465 432 541 puppi
454 465 584 524 sustinet
604 465 668 542 ipse
690 479 803 542 pyram.

125 549 266 611 Sustinet
288 554 319 608 et
339 546 419 608 eolus
442 546 574 608 defendit
596 546 679 608 mille
698 548 825 619 carinae,

174 630 303 712 Dejectio
325 630 442 712 pridem
464 649 517 694 cor
537 638 697 694 revocatur
717 632 800 692 item.

124 716 283 797 ¹llejiciunt
305 719 405 794 ignem
427 716 532 784 Danai,
555 714 720 778 bachantur
742 718 773 777 in
796 714 923 786 bostem,
1044 724 1096 774 580

174 801 298 863 Sudorie
321 803 401 861 rivos
423 799 474 861 dat
495 818 570 860 nora
592 817 693 879 pugna
714 817 817 861 noros.

126 887 231 948 immo·
246 903 341 946 novus
363 902 418 964 per
440 884 572 946 membra
595 902 687 947 cruor
708 884 844 946 fluxisset
864 885 1025 964 utrimque,

173 971 237 1032 Nox
259 971 317 1030 nisi
340 967 503 1030 terribilem
525 967 652 1047 pelleret
672 975 737 1031 atra
759 967 850 1031 diem.

265 1165 476 1236 PATROGLUS
493 1166 542 1220 AB
560 1165 730 1222 HECTORE
748 1165 956 1222 occinlbun.

127 1293 196 1354 bur
219 1296 320 1351 exorta
342 1292 423 1350 viros
444 1290 475 1350 in
498 1288 625 1368 pristina
648 1286 723 1349 bella
745 1290 882 1362 remittit,

174 1375 260 1436 Flant
281 1372 371 1444 lituis,
396 1372 508 1435 validus
529 1371 660 1452 perculit
681 1381 759 1433 astra
781 1391 883 1434 sonus.
1044 1381 1094 1432 585

126 1459 277 1524 «Dardanai
298 1459 451 1537 Danaique
473 1458 565 1518 duces
584 1455 764 1536 jamjamque
785 1460 997 1538 propinquant,

172 1546 196 1606 t
218 1543 316 1624 prima
336 1543 437 1604 fronte
457 1541 517 1603 tela
540 1541 643 1602 nidere
665 1540 741 1616 ride.

126 1628 321 1691 concurrunt
342 1629 441 1696 cunei,
464 1624 618 1687 celebrant
638 1628 773 1687 convivia
795 1626 909 1696 mortis,

173 1711 283 1773 Pocula
305 1710 425 1786 Plutoni
446 1708 674 1789 sanguinolenta
695 1709 792 1777 litant.

127 1797 190 1860 En!
212 1797 323 1858 iterum
344 1795 427 1857 ierus
449 1795 560 1857 flector
582 1793 676 1865 adest,
699 1813 754 1874 per
775 1793 861 1856 deria
883 1797 979 1876 campi
1043 1803 1095 1852 teo

173 1880 308 1958 Exagitet
329 1880 445 1942 Danaos
467 1897 539 1941 eose
562 1878 691 1944 secando
713 1888 807 1940 cutes.
903 1927 905 1931 .

126 1964 227 2029 Caede
248 1965 431 2027 Menotiades
452 1965 545 2025 nimia
567 1961 764 2028 succumbere
786 1964 894 2026 Graios

172 2051 301 2112 Intuitus
322 2050 437 2110 medios
459 2048 556 2108 lertur
578 2050 607 2109 in
631 2047 723 2110 boetis
745 2065 844 2126 agros.

130 2133 246 2203 Caedit,
268 2151 325 2194 nec
346 2133 436 2210 cedit,
449 2130 611 2193 ‘caedendo
635 2131 777 2193 cadavera
799 2130 892 2204 dedit,

173 2219 310 2280 Cervices
329 2214 446 2295 jugulat
467 2216 593 2297 ossaque
613 2217 711 2278 lracta
732 2225 826 2278 creat.
1044 2224 1095 2275 oen

132 2303 169 2363 Et
191 2302 260 2382 quia
283 2303 327 2361 vir
348 2301 433 2362 lortis
455 2304 546 2362 armis
569 2309 614 2362 est
637 2319 709 2362 usus
729 2301 859 2370 Achillis,

174 2386 239 2448 Una
260 2386 435 2466 superficies
456 2403 581 2466 corpora
605 2383 696 2446 multa
719 2386 813 2462 lugat.

127 2470 271 2534 Creditur
293 2489 310 2530 a
333 2470 458 2539 cunctis,
481 2487 538 2532 nec
560 2470 677 2539 mirum,
701 2469 781 2546 quod
804 2469 843 2530 sit
863 2465 1002 2539 Achilleo,

114 2563 123 2580 ⁸
173 2552 246 2624 Quis
268 2572 328 2614 non
351 2553 524 2624 crediderit,
547 2553 598 2614 bic
619 2554 665 2614 rir
686 2563 719 2614 ut
741 2571 822 2614 arma
845 2552 921 2615 tulit.

129 2639 251 2709 flector,
274 2640 304 2698 in
326 2638 455 2700 induviis
478 2637 621 2719 dependit
641 2647 674 2699 ut
696 2638 745 2699 bic
767 2637 883 2708 alienis,
1043 2645 1095 2695 eoo

172 2723 390 2784 Subsannativo
412 2722 544 2784 clamitat
565 2724 622 2784 ista
647 2722 753 2784 modo:

130 2806 226 2869 Nemo
249 2825 317 2868 suas
339 2808 417 2868 vices
439 2806 530 2869 debet
550 2808 774 2878 transcendere,
797 2824 885 2868 nemo

198 3043 324 3095 ore-78.
343 3043 525 3109 Epitomator.
542 3057 568 3097 r.
586 3043 687 3093 soe-4

332 3137 365 3146 -
383 3137 416 3146 -
434 3137 466 3148 -
484 3111 558 3160 Huic
576 3109 677 3160 validis
694 3109 807 3161 obsistit
823 3107 930 3160 viribus
947 3105 1019 3172 Ajnx

197 3174 279 3226 Stans
296 3177 385 3242 prima
402 3179 432 3227 in
448 3194 486 3243 pu
505 3179 544 3244 pi,
564 3177 716 3243 clypeoque
735 3176 865 3228 incendia
883 3191 968 3229 saera

198 3244 332 3308 Sustinet,
351 3250 380 3296 et
397 3245 471 3298 aolus
487 3194 612 3296 defendit
628 3245 704 3296 mille
722 3244 839 3296 cariam.

128 3311 189 3364 584.
207 3306 382 3376 Epitomator
398 3311 479 3368 Iliad.
492 3329 517 3364 r.
529 3315 587 3365 744.
656 3315 715 3366 585.
737 3314 766 3364 in
778 3312 914 3376 margine:
933 3326 1027 3376 pugna
1038 3315 1095 3362 ter·

128 3379 177 3439 tia,
195 3379 226 3429 in
237 3393 293 3442 quo
305 3379 452 3431 Patroclus
465 3383 501 3432 ab
513 3382 636 3433 Hectore
648 3377 790 3434 occiditur.
842 3381 902 3432 587.
920 3391 982 3446 pro:
993 3378 1097 3430 videre.

128 3447 186 3498 nen.
215 3444 356 3498 Scholion:
375 3447 527 3500 Patroclus.
595 3451 655 3502 596.
685 3447 751 3498 (lod.
769 3447 901 3498 Achillae.
975 3448 1033 3500 601.
1061 3460 1096 3495 ex

127 3515 255 3580 margine
272 3528 335 3579 pro:
355 3514 535 3567 subsannabo.
