2590 3984
83 149 91 166 '
200 141 260 204 116
465 181 467 186 .
509 140 569 191 Lib.
590 139 637 197 IV.
661 155 687 191 v.
704 142 849 192 tae-462.

197 295 364 357 Succedent
385 293 489 356 taedae
510 293 603 371 regali
628 302 793 364 stemmate,
817 311 926 375 spansa

238 379 293 452 His
316 387 366 440 tua
390 379 507 441 deliciis
530 387 574 439 est
596 378 739 458 potiunda
762 379 833 448 tibi;
1112 390 1165 440 440

196 463 258 525 Nec
282 465 382 546 tepido
405 462 553 525 desiderio
567 461 778 541 pulcherrirna
801 466 885 541 virgo

239 550 353 612 Pendet
375 550 410 610 ad
435 549 593 610 adventum
616 548 692 610 laeta
714 546 872 628 libensque
894 556 988 611 tuum.

196 637 239 696 Tu
263 653 381 715 qnoque
403 632 483 695 nulla
506 635 587 694 teres
610 632 751 713 deinceps
775 635 960 696 incommoda
982 633 1099 715 Trojae,

241 721 277 782 Ut
299 725 414 798 repetat
436 711 552 798 patrios⁴
571 717 694 779 Graecia
717 717 795 780 lassa
816 718 904 779 lares.

197 804 293 866 Illusit
313 803 439 873 blandis,
464 819 591 882 quorum
615 801 670 862 sibi
693 804 787 882 copia,
810 802 910 864 verbIs
1112 814 1163 864 445

241 887 364 949 Hecuba
387 889 527 962 uranum,
549 889 592 947 sic
615 886 789 948 fabricanda
812 905 927 949 necem.

198 973 396 1036 Exhilarescit
418 971 516 1040 borno,
540 990 629 1050 quem
653 972 785 1032 foemina
807 970 894 1034 melle
917 973 1022 1034 nocivo

241 1057 365 1119 Fraudis
388 1059 547 1129 inescaret,
570 1053 703 1134 falsaque
726 1073 795 1118 vera
818 1064 911 1136 putat.

197 1143 310 1223 leque
334 1158 448 1202 moram
471 1141 594 1219 patitur,
618 1142 663 1199 vix
685 1139 746 1219 jarn
769 1160 821 1203 sua
844 1143 950 1220 gaudia
974 1141 1083 1213 differt,

240 1228 305 1287 lam
329 1227 410 1305 cupit
432 1225 580 1303 amplecti,
602 1223 663 1303 jain
687 1223 762 1287 bona
784 1236 869 1306 pacta
892 1227 967 1288 dari.
1113 1230 1201 1286 450'
1281 1309 1282 1320 ἵ

197 1311 371 1373 Retrahitur
394 1318 492 1372 umen
514 1309 563 1370 ille
587 1317 676 1378 metu,
700 1314 864 1390 metuitque
887 1314 1003 1380 venire;

241 1395 298 1457 Sed
322 1397 347 1456 si
371 1413 431 1456 nnn
451 1394 557 1462 ventat,
581 1402 647 1455 vcta
671 1399 771 1474 perire
793 1403 885 1476 putat.

198 1482 294 1559 Saepe
316 1488 397 1542 metu
421 1497 490 1559 spes
512 1481 586 1540 victa
608 1480 696 1551 cadit,
719 1481 816 1541 veniat
838 1487 1005 1556 maneatne,

240 1565 273 1624 ln
296 1567 405 1625 mentis
427 1582 528 1626 secum
552 1563 683 1642 disputat
704 1566 768 1643 ipse
791 1566 902 1626 schola.

197 1648 332 1729 Denique
356 1648 432 1709 fidus
454 1665 548 1717 arnor,
572 1648 715 1727 quidquid
738 1649 969 1726 properantibus
985 1647 1090 1722 obstat,
1113 1659 1164 1708 455

239 1733 346 1810 Fingit,
370 1732 456 1792 etad
480 1751 584 1793 causas
607 1735 782 1811 ingeniosus
804 1738 870 1795 erit.

197 1817 439 1896 luterutrumque
462 1823 551 1886 tenet,
576 1835 659 1896 spem
681 1819 796 1880 scillcet
818 1829 906 1896 atque
929 1818 1077 1890 timorem,

241 1902 358 1981 Speque
380 1904 471 1962 timor
493 1901 592 1972 dubia,
615 1919 742 1983 spesque
766 1905 872 1964 timore
893 1903 980 1964 cadit

197 1986 244 2048 Ire
266 1994 366 2046 tamen
388 1993 489 2056 restat,
512 1987 581 2064 quia
604 1988 701 2048 calcar
722 1989 833 2049 arnonis
855 1989 947 2048 acutis

240 2071 348 2132 Incitat
368 2070 449 2131 hunc
472 2071 614 2138 stimulis;
639 2070 779 2134 credulus
800 2088 872 2150 ergo
895 2073 984 2133 stetit.
1112 2081 1164 2131 460

199 2154 324 2216 Credula
346 2173 396 2216 res
418 2173 502 2216 amar
525 2161 578 2224 est,
600 2154 707 2215 leviter
727 2156 877 2217 ducuntur
899 2164 1033 2218 amantes

242 2241 376 2319 llantque
398 2238 489 2318 pedes
511 2239 569 2300 reti
592 2239 765 2302 credulitate
787 2237 854 2302 levi.

200 2427 403 2437 Μ

253 2535 325 2592 ’449.
355 2541 446 2592 Ovidii
465 2544 507 2591 est
524 2540 635 2597 Metam.
653 2542 699 2603 IV,
719 2544 777 2594 350.
884 2545 943 2594 453.
973 2541 1081 2593 Similes
1100 2547 1165 2593 sunt

199 2608 294 2660 Ovidii
310 2607 367 2660 loci
384 2609 469 2660 Trist.
488 2608 535 2670 IV,
554 2613 578 2670 3,
598 2610 629 2659 12

302 2677 357 2726 Cur
374 2676 455 2728 labat
473 2677 602 2739 ambiguo
620 2691 684 2741 spes
702 2677 769 2726 mihi
787 2677 873 2729 mixte
891 2679 985 2728 metu?

199 2747 226 2794 ct
243 2745 308 2794 Her.
327 2743 405 2806 XIII,
425 2745 482 2805 124,
867 2799 870 2805 ¹

301 2809 370 2876 Spes
389 2812 461 2862 bona
479 2809 599 2861 sollicito
617 2811 694 2861 victa
711 2813 809 2862 timore
828 2813 910 2862 radii.

198 2880 258 2930 455.
275 2878 326 2930 Ov.
344 2879 410 2934 Her.
428 2879 464 2942 11,
482 2877 524 2928 21.
542 2879 575 2928 22

301 2948 429 3012 Denique
447 2945 517 2997 lidus
536 2961 620 3006 amor,
639 2945 772 3012 quidquid
790 2947 1003 3012 properantibus
1022 2947 1124 2997 obstat.

335 3013 439 3078 Finxit,
459 3017 487 3065 et
506 3012 541 3063 ad
560 3027 661 3064 causas
678 3013 893 3079 iugeniosc'fui.

200 3083 258 3132 457.
278 3080 329 3136 Ov.
348 3083 410 3134 Met.
430 3081 466 3144 11,
487 3083 536 3132 140
554 3083 628 3133 inter
644 3086 790 3147 utrumque
809 3086 883 3132 tene.
952 3083 1010 3133 458.
1030 3080 1081 3134 Or.
1098 3081 1167 3133 Her.

200 3147 250 3213 IX,
269 3151 310 3198 42.
401 3150 460 3199 461.
490 3148 579 3200 Ovidii
609 3154 652 3198 cst
679 3151 791 3199 Metam.
820 3149 879 3214 VII,
907 3150 957 3200 826
984 3148 1094 3200 credula
1121 3163 1167 3199 res
1245 3203 1249 3210 .

169 3266 173 3272 ,
202 3232 278 3266 eruor
297 3221 347 3269 est.
