2590 3984
196 148 236 212 78
500 151 561 203 ura.
579 150 631 203 111.
666 167 692 202 v.
712 152 855 202 saa-naa.

195 302 256 363 llos
278 302 367 362 etiarn
390 301 517 362 subiisse
541 303 634 363 refert
656 303 784 363 tentoria
808 301 909 372 Rhesi,
1114 316 1185 366 nno,

239 387 334 457 Quem
356 388 518 466 perimunt,
542 387 653 466 praeda
675 405 731 448 nco
754 386 880 449 rediisse
902 386 976 458 levi;

194 469 255 531 llos
278 472 412 548 rapuisse
434 469 531 540 simul.
555 489 631 550 qaros
652 469 733 531 nulla
755 472 856 549 perire
879 473 984 552 sagitta

237 555 350 622 Posset,
374 553 540 633 nubigeuos
563 554 610 616 hic
633 555 806 618 memoravit
829 573 931 634 equos.

195 638 379 702 Crediderim
402 642 446 700 sic
469 639 598 701 dicentii
621 641 688 717 quis
711 636 791 700 nube
815 648 930 702 creatos
1026 686 1028 690 -

237 726 259 783 n
281 724 379 803 primo
404 724 507 784 muudi
529 732 665 803 ternpore
687 721 763 785 vidit
784 725 895 802 equos?
1114 736 1166 785 230

193 806 259 869 Non
283 809 390 869 miror!
414 806 528 887 majora
551 817 649 868 moret
670 807 825 868 mendacia
849 806 937 879 hello,

236 890 286 951 lsti
308 909 399 972 quum
423 891 498 952 duos
524 899 624 953 narret
645 891 751 952 adesse
775 890 863 962 doos;

193 975 252 1036 Pro
275 975 376 1037 Peliala
398 975 502 1037 Thetis
524 993 580 1053 pro
603 977 726 1036 Graecis
749 975 821 1036 luno
843 978 953 1037 latetur

236 1059 273 1120 Et
294 1059 373 1139 quod
395 1077 450 1137 pro
473 1060 580 1122 Paride
602 1062 730 1122 moverit
751 1078 833 1142 arma
854 1060 966 1122 Venus.

193 1145 354 1206 Praeterea
377 1150 460 1204 recto
482 1162 541 1204 non
564 1146 674 1204 cecinit
695 1145 800 1206 ordine
823 1143 943 1215 bellum,
1112 1157 1162 1206 235

235 1231 293 1289 Aut
314 1246 330 1288 a
354 1225 508 1296 militibus,
532 1230 583 1307 qui
606 1227 752 1296 cecidere,
776 1227 895 1307 quibus.

193 1312 276 1373 Hanc
299 1328 417 1392 quoque
440 1315 595 1374 materiam
617 1313 757 1391 figmenta
780 1315 897 1391 poetica
919 1313 1043 1384 nebant.

235 1395 321 1458 Sicut
344 1397 486 1474 Virgilius
507 1415 589 1459 arma
613 1403 770 1476 virumque
793 1414 913 1458 canens.

192 1480 250 1541 Sed
274 1481 395 1562 Phrygii
418 1489 501 1542 tenet
522 1482 677 1543 historiam
700 1480 777 1541 liber
800 1484 856 1542 iste
879 1481 994 1544 Daretis

233 1565 290 1637 Qui
312 1573 432 1643 praeter
456 1582 559 1627 verum
581 1567 731 1644 scriptitat
751 1564 822 1628 iude
844 1566 928 1630 nihil.
1110 1579 1162 1628 nto

190 1648 277 1710 lluuc
299 1667 419 1728 sequor,
443 1648 584 1728 adjiciens
606 1648 758 1710 interdum
781 1649 870 1710 verba
894 1653 1035 1723 virorum,

233 1731 351 1802 Quaere
374 1731 572 1809 loquebantur
594 1734 640 1794 rel
661 1742 788 1812 potuere
811 1732 902 1813 loqui.

190 1817 321 1890 Ponatur
343 1818 422 1895 quod
446 1818 529 1877 ethi
551 1836 611 1879 uon
634 1820 696 1880 sint
717 1837 753 1879 ea
776 1819 853 1878 lorte
876 1819 977 1887 locuti,

233 1901 344 1963 Causae
366 1903 532 1980 praesentis
554 1909 623 1963 sunt
645 1911 743 1964 tamen
766 1910 834 1982 apta
857 1906 911 1963 rei.

213 2101 215 2106 .
278 2046 403 2102 VERBA
420 2047 543 2103 ULIXIS
561 2049 609 2102 ΕΤ
628 2048 688 2103 SUI
706 2046 801 2104 soctt
819 2048 869 2102 AD
887 2049 1069 2109 PRIAMUM.
1104 2002 1105 2006 Ἰ

189 2152 304 2214 latrant
325 2153 362 2213 ad
384 2152 535 2214 Priamum
557 2154 630 2213 socii
654 2153 722 2224 duo,
746 2162 844 2214 servat
866 2153 969 2216 Ulixes
1003 2149 1009 2162 ’
1107 2168 1158 2216 245

232 2237 366 2299 Stomata
390 2235 559 2309 verborum,
584 2237 683 2310 verba,
697 2246 796 2300 notata
820 2257 952 2300 movens.

190 2320 214 2383 0
236 2324 378 2402 princeps
400 2319 543 2399 'l'rojauel
568 2327 633 2383 tuas
656 2341 711 2383 nos
733 2323 823 2383 mittit
845 2322 881 2382 ad
904 2341 991 2385 aures

233 2406 416 2468 Graecorum
440 2406 557 2475 ductor.
581 2404 646 2484 ejus
668 2406 706 2468 ab
729 2424 782 2467 ore
805 2407 919 2487 loquor.

189 2489 252 2550 Rex
275 2490 366 2551 bone!
389 2492 414 2550 si
436 2493 556 2570 sapiens
579 2509 620 2561 es,
644 2494 723 2552 sicut
745 2492 820 2552 sarna
843 2492 962 2560 latetur,

231 2573 297 2635 Non
320 2581 365 2636 est
387 2572 516 2635 bellandi
538 2575 665 2637 maxima
687 2593 759 2637 cura
782 2573 850 2636 tibi!
1107 2589 1158 2636 250

191 2657 307 2719 Sufficit
329 2661 361 2719 in
385 2675 509 2736 magna:
533 2658 664 2719 medium
687 2667 811 2718 tenuere
834 2657 922 2730 beati,
1033 2703 1036 2708 ι

231 2742 412 2822 Praecipites
435 2743 543 2804 ducum
567 2759 655 2818 saepe
678 2741 774 2803 tulere
797 2741 885 2802 diem.

256 2890 315 2945 225.
334 2891 469 2944 subnisso.
505 2892 637 2943 Narratio
655 2893 689 2944 ds
705 2892 796 2945 Rheso
816 2891 932 2958 ejusque
952 2895 1029 2960 equis
1047 2897 1156 2948 inveni-

188 2962 232 3007 tur
252 2957 323 3023 apud
341 2959 523 3025 Epitomator.
539 2976 566 3010 v.
586 2962 636 3012 730
648 2975 707 3027 sqq.
763 2963 822 3012 232.
841 2961 939 3013 molius
958 2964 1076 3014 fortasse

389 3027 437 3077 Illi
455 3043 538 3093 quum
554 3028 634 3080 divos
652 3033 747 3078 narret
765 3029 863 3079 adesse
880 3027 949 3080 duos

187 3093 246 3144 249.
265 3107 295 3143 es
312 3093 446 3160 marginis
464 3111 513 3161 pro
531 3097 635 3148 codicis
658 3093 727 3158 ejus.
814 3096 873 3146 iti.
891 3096 963 3150 mod.
986 3105 1042 3149 teu.
1067 3100 1154 3150 beati.

186 3159 265 3210 Haeo
294 3163 447 3223 sententia,
475 3178 531 3228 qua
559 3168 655 3214 noster
684 3163 800 3228 primum
828 3176 894 3213 usus
924 3163 1011 3217 fuisso
1038 3166 1156 3230 uidetur,

186 3227 397 3280 transformatio
410 3229 491 3280 Orici.
504 3230 614 3280 Metam.
627 3229 663 3292 11,
678 3231 725 3280 137
745 3229 835 3280 medio
853 3230 1009 3292 tutissimus
1028 3234 1083 3284 ibis
1097 3240 1153 3297 ost3

186 3294 326 3346 invenitur
346 3296 392 3346 int
410 3297 559 3361 aphorismi
573 3301 602 3346 st
614 3296 752 3348 axiomata
765 3295 882 3350 selecta.
899 3299 1012 3352 Altdorf
1023 3303 1098 3352 1745.
1111 3303 1154 3352 49.

93 3383 95 3390 ·
186 3363 244 3412 252.
263 3359 361 3413 Sanco.
380 3363 476 3429 Agam.
494 3366 526 3416 il
545 3364 719 3429 Praecipites
737 3380 767 3415 re
806 3380 832 3413 m
851 3379 934 3418 casus

590 3432 715 3483 Fortuna
734 3448 768 3483 vo
782 3439 819 3482 at.
