2592 3978
203 215 240 262 VI
611 201 763 256 Praefatio.

205 352 289 414 Neue
327 351 521 430 Sammlung“
550 353 741 432 inseruimus,
773 362 966 415 enumeratur
996 351 1051 415 sub
1086 355 1170 432 signo

204 436 237 496 F.
264 433 313 497 15.
340 434 401 513 (lib.
424 437 474 496 cit.
499 455 525 515 p.
546 433 597 516 37)
623 440 754 515 „Auriga
777 436 889 499 Alberti
912 437 1028 500 abbatis
1044 437 1169 498 Staden·

204 520 277 580 sis“.
312 518 426 581 Nomen
447 528 561 581 tantum
585 524 726 591 innotuit,
750 522 844 584 codex
865 525 930 601 ipse
953 523 1051 602 periit.
1093 523 1170 602 Lap-

205 603 339 682 pouberg
365 603 461 682 (Perta
484 612 667 674 monument,
691 607 830 667 German.
853 606 889 665 Τ.
912 603 1169 686 1111212111.)

206 687 236 746 in
260 687 446 766 praefatione
468 688 610 750 editionis
626 691 776 750 annalium
791 687 1015 750 libertinorum
1038 692 1170 770 suspica·

204 781 252 830 tns
289 779 348 840 est,
385 790 493 833 nomeu
523 773 649 851 Aurigae
677 775 708 832 in
736 773 902 850 Quadrigas
934 774 1107 835 mutandum
1140 783 1171 836 et

149 918 150 926 ,
205 857 242 916 ad
265 855 322 916 hoo
345 853 458 917 Alberti
481 875 601 918 carmen
628 857 785 917 referenda
813 876 893 926 esse,
923 875 1000 936 quae
1029 861 1060 918 iu
1083 857 1170 920 obro-

205 939 274 1000 nico
307 943 479 1001 monasterii
512 940 761 1002 Rosenreldensis
792 939 858 1018 (cir.
882 941 958 1019 Vogt
984 951 1169 1004 monument.

205 1040 265 1083 rer.
290 1023 430 1084 German.
449 1021 531 1085 1740
552 1025 586 1085 Τ.
608 1024 620 1084 l
643 1043 673 1104 p.
691 1022 773 1099 136.)
795 1025 833 1085 de
855 1026 992 1086 monaobi
1015 1025 1169 1106 cujusdam

209 1106 458 1169 llosenveldensis
489 1109 615 1169 metrico
642 1109 731 1189 libro,
761 1111 813 1188 qui
840 1110 949 1170 dicitur
976 1108 1169 1188 ‚,Quadriga“

206 1200 383 1261 narrantur,
422 1192 521 1252 addito
558 1191 622 1253 loco
660 1212 695 1254 ex
732 1194 788 1254 hoc
822 1191 971 1272 Quadriga
1002 1195 1168 1272 desumpto.

206 1274 372 1353 Quadrigas
401 1294 509 1337 nomeu
537 1274 614 1338 liber
641 1277 711 1338 inde
739 1277 845 1346 trahit,
875 1277 954 1357 quod
983 1277 1020 1338 de
1043 1286 1169 1357 quatuor

207 1359 365 1437 evangeliis
388 1362 456 1438 agit.
502 1360 599 1421 Locus
628 1360 678 1421 ille
706 1361 847 1422 describit
873 1359 1088 1422 monasterium
1111 1363 1169 1422 lto·

205 1441 344 1504 seuvelde
368 1445 563 1524 sequentibus
584 1444 747 1506 Albertinis
768 1444 927 1506 simillimis
948 1446 1098 1506 versibus:

250 1527 323 1596 „Est
346 1529 430 1590 locus
453 1546 468 1589 a
490 1529 587 1590 Roseo
610 1531 660 1608 qui
683 1531 772 1590 traxit
793 1531 915 1590 nomine
938 1547 1056 1599 nomen,

247 1574 278 1671 ln
302 1612 397 1690 spatio
420 1615 574 1691 speciosus
596 1622 626 1673 et
648 1616 679 1673 iu
702 1615 802 1694 specie
824 1615 1012 1692 spatiosus

246 1695 341 1766 Quom
364 1698 438 1758 situs
460 1700 525 1775 ipse
547 1689 633 1765 loci,
638 1715 726 1776 quem
748 1715 850 1757 rerum
873 1697 959 1775 copia
981 1703 1137 1766 monstrat,

246 1778 340 1848 Quem
349 1781 495 1842 Comitum
509 1780 664 1859 praelarga
677 1799 791 1852 manus,
804 1798 892 1860 quern
905 1781 1022 1841 culmen
1034 1781 1168 1848 honorat
1186 1824 1192 1831 ι

246 1862 341 1930 Quem
364 1867 459 1943 pietas
481 1865 652 1934 Procerum,
677 1884 765 1944 quem
791 1867 878 1926 vestit
900 1864 993 1942 gloria
1015 1864 1141 1943 Regum,

245 1947 298 2008 Est
318 1946 402 2008 locus
424 1945 490 2028 ipsa
512 1967 587 2020 rosa,
610 1967 690 2026 rosa,
714 1951 811 2028 campi
833 1949 935 2026 gloria,
960 1950 1055 2009 nescit

245 2031 325 2092 llaec
348 2048 416 2092 rosa
439 2033 599 2110 spinetum,
622 2052 719 2112 neque
741 2035 846 2113 pungit
867 2034 950 2112 spina
972 2040 1114 2093 rosetum.

246 2113 299 2176 Est
320 2114 404 2176 locus
427 2119 489 2196 ipsa
513 2136 591 2187 rosa,
614 2136 673 2178 non
697 2118 771 2178 baec
794 2134 863 2178 rosa
886 2135 973 2176 mane
996 2117 1126 2196 Cydippe

246 2200 377 2278 Vespere
400 2198 474 2261 lucis
497 2203 563 2272 erit,
588 2201 676 2262 modo
698 2201 817 2268 florens,
841 2202 978 2279 protinus
1001 2217 1098 2269 arens,

248 2283 332 2344 Nunc
354 2282 455 2355 rubra,
479 2303 547 2346 mox
570 2286 692 2365 pallens,
716 2284 804 2346 modo
826 2283 933 2360 invida,
957 2282 1046 2344 livida
1068 2283 1168 2345 statim

247 2367 332 2428 Nunc
355 2369 454 2430 oriens
477 2369 564 2430 simul
588 2378 618 2430 et
639 2371 785 2430 moriens:
808 2386 946 2429 arescere
969 2385 1121 2446 nunquam

248 2450 328 2512 llaec
349 2450 424 2513 solet
446 2457 561 2515 aeterni
584 2453 727 2514 foecunda
751 2455 916 2533 propagine
940 2453 1030 2527 veris,

247 2534 313 2595 Non
337 2541 441 2607 aestas
464 2556 524 2598 non
548 2536 636 2598 audet
659 2537 763 2606 biems,
787 2555 847 2598 non
869 2536 977 2597 Aeolus
998 2537 1083 2596 istam

249 2618 427 2681 llerosulare
449 2639 559 2682 rosam.
596 2620 660 2680 llos
683 2628 729 2681 est
750 2621 862 2698 pallere
884 2635 1021 2680 rosarum

245 2702 321 2763 Solis
344 2704 380 2764 ad
403 2705 552 2773 intuitum,
577 2703 667 2764 trabit
689 2703 763 2765 baec
785 2723 802 2765 a
824 2700 886 2764 sole
907 2701 1060 2772 ruborem,

246 2785 393 2864 Quicquid
416 2781 506 2848 babe‘t
528 2796 635 2849 natura
657 2786 738 2856 boni,
762 2787 846 2848 locus
867 2788 924 2847 iste
946 2784 1080 2848 locorum

245 2869 391 2941 Continet,
415 2890 502 2932 omne
525 2870 595 2933 mali
617 2871 797 2932 termentum
819 2870 937 2948 longius
959 2879 1042 2931 arcet

245 2955 361 3032 liegina
383 2955 454 3017 solis
477 2955 530 3017 ubi
553 2955 730 3017 sublimibus
752 2955 809 3017 alta
832 2953 989 3018 columnis.

288 3038 486 3119 Lappenberg
522 3042 586 3101 sine
624 3038 714 3101 dubio
749 3046 833 3102 recte
871 3041 1039 3117 suspicatus
1066 3048 1112 3101 ost
1140 3048 1171 3101 ct

204 3125 334 3202 scriptor
368 3121 493 3200 catalogi
527 3123 815 3217 Bordusbplmiensis
844 3123 928 3184 (1.1
963 3118 1045 3184 1488
1078 3122 1170 3184 titulis

203 3206 445 3268 antecedentium
473 3206 631 3270 librorum:
662 3185 803 3285 „lluroga
826 3207 888 3286 (sic)
917 3207 997 3269 Petri
1025 3206 1063 3268 de
1084 3207 1168 3286 llige,

202 3291 317 3353 Aurora
340 3291 421 3354 Petri
443 3293 480 3352 de
501 3291 595 3369 lliga“
619 3291 762 3371 deceptus
784 3310 839 3371 per
861 3308 996 3354 errorem
1019 3308 1074 3370 pro
1091 3292 1168 3363 Qua-

203 3373 288 3453 driga
310 3377 431 3453 scripsit
452 3377 571 3455 Auriga.

290 3459 348 3520 Sed
376 3463 530 3522 mittamus
558 3460 638 3523 buno
669 3459 779 3522 librum
808 3458 893 3540 cujus
921 3475 1030 3520 nomen
1054 3465 1168 3520 tantum
