2590 3984
10 3487 16 3595 i

345 216 347 219 -
440 194 567 245 011111.
594 197 782 258 1.,811-800.
1033 194 1093 258 129

129 345 245 407 Cedunt
267 354 296 407 et
315 345 457 424 juvenum
480 363 540 406 non
562 363 656 424 pauca
679 349 846 426 frequentia
868 365 980 417 seeum,

171 429 319 505 Mentibus
342 439 371 491 et
394 429 537 491 membris
559 432 609 510 qui
632 433 754 509 viguere
776 435 854 494 satis,

129 515 336 596 Cappadocum
359 525 464 592 gentes
486 515 597 576 adeunt
619 525 648 574 ot
670 517 786 577 moenia
808 515 904 585 Ponti,

174 600 295 661 Insidiis
317 599 483 683 einctiwsad
506 602 696 679 perimuntur
719 601 771 661 ibi.

130 688 218 746 Venit
239 683 275 744 ad
299 701 409 745 uxores
430 684 550 744 iliorum
574 684 610 744 de
634 702 706 744 nece
728 703 840 752 rumor,
1043 695 1093 742 810

171 770 207 830 Et
229 769 378 829 succrevit
400 771 443 828 eis
467 785 534 828 cum
557 769 675 830 feritate
698 771 792 834 iuror.

127 855 295 916 Vindictam
318 855 450 930 propriis
471 853 629 931 intendunt
650 854 775 916 tendere
797 853 911 914 dextris

174 937 212 1000 Et
233 954 294 997 non
316 939 429 1015 ignavis
450 936 602 998 mentibus
624 955 706 998 arma
728 940 820 999 cient.

130 1021 223 1101 liujus
238 1023 391 1100 'propositi
414 1024 508 1082 situi
531 1020 668 1083 omnibus
692 1040 749 1084 una
773 1023 918 1090 voluntas,

170 1107 349 1168 luterimunt
371 1124 484 1175 omnes,
507 1125 582 1186 quos
605 1105 748 1176 habuere,
772 1109 860 1168 viros.
1043 1114 1094 1164 830

129 1189 269 1258 Exiliunt,
294 1197 324 1250 et
345 1189 382 1250 ab
405 1190 452 1252 bis
474 1193 572 1252 Asiam
595 1193 747 1270 depugna
769 1209 824 1271 per
847 1208 975 1260 omnem,
1044 1239 1047 1242 .

174 1275 321 1354 Incipiunt
344 1273 414 1336 belii
437 1277 636 1355 prosperitate
658 1277 730 1336 irui.

129 1361 167 1421 Et
187 1358 387 1420 comitabatur
411 1357 531 1420 cintoria
553 1377 673 1440 semper
695 1359 811 1419 easdem

174 1441 331 1523 Oppositas
352 1452 481 1511 terrens,
504 1453 620 1523 promta
642 1445 785 1523 trophaea
808 1445 920 1504 ferens.

130 1526 285 1599 Quaelibet
306 1526 424 1588 illarum
446 1527 505 1607 jam
529 1547 602 1608 pace
624 1546 678 1607 per
701 1545 783 1590 arma
806 1545 925 1589 reversa
1043 1536 1092 1585 835

172 1613 318 1691 Disponit,
340 1613 456 1673 luerint
477 1631 552 1692 quae
576 1611 709 1674 iacienda
734 1613 822 1672 domi.

119 1697 162 1756 ¹Si
185 1713 273 1776 quam
298 1695 433 1764 delectat,
456 1699 548 1759 immo
570 1697 698 1759 delectat
719 1696 853 1758 habenda

172 1781 306 1842 Gaudeat
327 1787 361 1841 ut
381 1780 476 1861 prole,
500 1789 595 1842 mater
618 1789 647 1842 et
670 1799 734 1842 esse
757 1780 836 1848 velit,

132 1865 279 1926 illustrem
301 1873 387 1926 vocat
409 1865 459 1927 illa
481 1868 593 1940 virum;
617 1868 661 1926 vir
683 1874 799 1928 amatur
821 1873 855 1927 ut
877 1865 995 1944 hospes,

173 1949 254 2020 Quae
278 1967 368 2029 quum
392 1968 424 2010 se
447 1950 597 2028 gravidam
620 1953 759 2020 senserit,
782 1950 833 2010 ille
856 1948 943 2010 radit.
1045 1957 1096 2006 840

131 2034 205 2094 lilia
230 2032 373 2110 diligitur,
396 2037 527 2096 nutritur
549 2035 584 2094 ad
608 2052 700 2104 arma,
723 2035 883 2102 donatura
984 2087 988 2094 .

173 2116 265 2179 Filius
287 2120 316 2177 in
340 2120 449 2196 stygias
471 2120 683 2198 praecipitatur
705 2137 806 2198 aquas,

134 2203 292 2263 Cremento
315 2209 414 2262 careat
435 2212 467 2263 ut
489 2203 593 2264 dextra
616 2203 756 2288 mamilla,
779 2211 938 2271 crematur,

173 2288 211 2348 At
233 2295 323 2356 caret,
347 2295 380 2348 ut
402 2286 488 2348 bellis
510 2295 625 2368 promta
649 2291 688 2350 sit
709 2287 757 2349 ilia
780 2306 895 2348 manus.

131 2370 244 2430 Nomen
268 2373 396 2432 Amazon
421 2371 523 2441 babes,
547 2374 631 2451 quasi
655 2373 736 2433 dieas
759 2371 872 2451 absque
888 2370 1029 2441 mamilia,
1045 2380 1094 2428 845

151 2452 196 2514 Ἀ
220 2456 283 2515 sine
305 2463 484 2536 praesentat,
507 2474 695 2536 mammaque
717 2475 821 2517 mazou
844 2457 912 2516 erit.

131 2539 266 2616 Regnum
289 2541 411 2618 reginae
433 2540 581 2620 quondam
604 2558 710 2602 rexere
732 2539 850 2611 duales;

173 2623 209 2682 Et
230 2641 324 2702 regno
347 2625 443 2686 iuerat
466 2625 579 2686 inditus
600 2626 658 2686 iste
681 2634 790 2688 status:

132 2709 194 2769 Una
218 2707 298 2768 domi
320 2709 434 2787 patriae
456 2717 555 2772 custos
576 2711 642 2780 luit,
666 2709 757 2772 altera
780 2728 852 2772 vero

173 2793 231 2853 Pro
253 2795 337 2870 regni
358 2795 462 2871 spatiis
485 2794 587 2856 extulit
609 2812 690 2855 arma
713 2795 812 2857 lotas(
1044 2802 1094 2851 800

134 2877 195 2936 11110
218 2876 338 2955 quidem
362 2881 458 2939 tenuit
479 2879 634 2958 liarsopia.
658 2879 801 2959 Lampeto
824 2895 933 2939 nomen

175 2960 290 3030 Altera3
314 2961 458 3039 regnabat
478 2961 552 3024 baec
575 2963 657 3031 toris,
680 2962 729 3023 ilia
752 2963 842 3024 domi.

131 3044 191 3105 Has
213 3046 293 3105 inter
316 3048 431 3107 virtutis
453 3064 524 3125 opes
546 3048 689 3126 lilarsepia
713 3056 840 3108 mortem

174 3128 280 3190 Hostili
303 3129 402 3208 gladio
424 3131 530 3192 iraude
553 3132 677 3194 subacta
698 3129 773 3197 tulit.
833 3171 839 3176 «

132 3211 204 3273 Filia
227 3218 276 3275 cui
299 3215 410 3296 Sinope
433 3217 594 3278 succressit
617 3216 766 3296 dignaque
790 3215 877 3278 laude
1046 3223 1095 3272 800

134 3347 337 3358 ——-—

201 3415 259 3466 841.
284 3416 352 3468 Cod.
375 3418 477 3482 reginis
496 3416 611 3467 duabus.
715 3419 774 3470 851.
792 3419 833 3468 53.
863 3416 942 3481 Apud
969 3416 1097 3468 Orosium

132 3497 230 3534 nomen
248 3484 389 3550 Marpesia
408 3491 498 3534 sonat.

183 3573 275 3616 'iroilus
878 3571 893 3620 9
