2574 3976
442 205 505 257 nau.
523 207 555 256 v.
585 221 611 257 v.
632 207 773 258 roc-ror.
1030 203 1089 270 137

172 358 205 419 ln
228 356 319 419 coelis
340 365 441 419 manet
463 358 509 418 his
531 359 576 417 vis
598 367 759 420 memorata
781 358 868 422 locis,

127 442 193 504 Non
215 443 292 504 idem
316 459 422 503 cursus
445 450 490 502 est
512 440 658 512 omnibus,
681 442 731 504 ille
753 442 869 523 planeta
1043 453 1093 501 165

169 527 271 598 Velox,
296 526 344 587 hie
365 527 478 596 tardus,
502 527 550 586 irie
573 523 667 604 magis
689 526 751 588 irco
770 526 814 588 vel
837 547 882 589 eo.

125 611 182 672 llic
204 610 246 672 illi
269 609 375 672 domus
398 618 453 679 est.
477 610 527 672 hic
549 609 653 688 gloria,
676 614 804 673 servitus
827 611 889 674 illic
1008 683 1011 690 Δ

169 696 297 776 Semper
319 704 392 765 erat,
415 713 536 775 semper
558 696 702 774 septimus
726 697 818 756 hostis
841 700 906 757 erit.

126 780 177 840 Sol
199 779 308 842 solium
330 779 411 840 solus
435 780 523 859 elegi-t
544 780 575 840 in
598 780 671 840 aede
694 781 797 850 leonis,

171 864 226 925 Est
248 863 327 926 aries
349 863 420 924 solis
443 863 544 942 gloria,
568 882 664 943 poena
687 863 771 926 libra.
1042 875 1101 947 170¹

126 949 161 1009 ln
184 965 293 1010 cancro
315 949 404 1010 lunae
427 949 528 1010 videas
549 945 728 1019 habitacula,
751 958 855 1012 taurus

172 1032 267 1094 Altius
289 1031 412 1102 extollit,
435 1035 555 1113 scorpio
578 1042 690 1112 pugnat
711 1051 788 1095 eam.

130 1116 220 1178 Libra
243 1118 348 1178 domus
370 1117 496 1179 Veneris
518 1125 547 1178 et
569 1124 679 1187 taurus,
703 1117 835 1197 piscibus
857 1128 954 1179 autem

169 1201 294 1278 Regnat,
318 1203 361 1263 sic
384 1203 519 1281 queritur
542 1204 656 1280 virgine
679 1204 761 1281 virgo
783 1204 890 1282 premi.

127 1286 249 1364 Virgine
272 1285 438 1351 Mercurius
459 1285 586 1348 laetatur
607 1288 689 1347 etin
712 1291 901 1366 geminorum
1045 1296 1093 1346 175

171 1370 299 1449 lmperat
322 1371 462 1450 hospitio,
486 1370 618 1450 piscibus
640 1371 798 1432 exul'erit.

127 1455 236 1516 Laetae
257 1456 423 1535 suscipiunt
444 1456 522 1516 aries
544 1465 574 1517 et
595 1457 712 1536 scorpio
735 1456 869 1527 Martem,

172 1540 251 1600 llcrs
273 1539 326 1600 tibi
349 1557 457 1600 cancer
480 1540 586 1610 honor,
610 1541 662 1600 sed
685 1541 880 1620 capricornus
901 1542 992 1602 onus!

130 1623 250 1703 Jupiter
272 1623 383 1684 exultat
406 1627 437 1685 in
460 1624 592 1704 piscihus
614 1635 702 1704 atque
725 1627 839 1703 sagitta.

170 1708 225 1771 Cui
248 1725 356 1769 cancer
378 1727 430 1770 rex
454 1718 508 1780 est,
532 1727 620 1788 capra
645 1708 797 1777 bubulcus,
821 1711 871 1770 ait.
1045 1718 1094 1767 180

130 1793 252 1854 Saturni
275 1792 381 1853 domus
403 1801 448 1854 est
470 1803 500 1854 et
521 1795 660 1872 aquarius
683 1802 713 1853 et
734 1795 930 1872 capricornus

172 1876 306 1943 Servitus
328 1886 375 1938 est
396 1879 483 1949 aries,
508 1876 582 1938 libra
605 1895 714 1938 corona
738 1879 812 1939 soni.

128 1962 199 2023 Post
221 1960 325 2040 epulas
347 1963 442 2041 agitur
463 1973 496 2023 ut
517 1979 640 2024 somnus
662 1961 796 2023 membra
818 1961 934 2030 salutet,

172 2044 304 2124 Reginae
326 2065 435 2127 eorpus
457 2065 547 2108 aurea
570 2047 683 2127 sponda
706 2047 793 2108 locet.

267 2208 555 2280 [PEN'PHESILEAE
572 2209 707 2266 EXITUS
725 2210 763 2276 111
781 2209 959 2279 Poenam]

133 2332 255 2400 Postera
278 2331 413 2393 Phoebea
437 2332 486 2392 lux
509 2331 617 2392 lustrat
638 2331 775 2414 lampade
799 2341 909 2404 terras;
961 2330 965 2338 '
1046 2340 1095 2389 185

172 2416 238 2477 lam
262 2414 334 2476 libet
347 2417 386 2476 ‘in
409 2415 487 2476 hello
510 2418 698 2478 conseruisse
721 2435 834 2485 manus,

132 2500 196 2561 Stat
218 2502 337 2578 sonipes
360 2519 395 2560 ao
417 2499 500 2562 irena
523 2502 604 2561 lerox
629 2503 796 2580 spumantia
818 2501 944 2570 mordet,

173 2583 263 2663 Cujus
284 2603 423 2664 pressura
447 2593 565 2664 tergora
588 2587 670 2663 virgo
690 2585 756 2646 luit.
796 2661 799 2670 Ι

132 2669 180 2729 Fit
202 2687 292 2730 sonus
314 2669 350 2730 ad
373 2669 494 2741 bellum,
518 2688 610 2750 quum
634 2670 742 2750 tigride
765 2671 911 2747 promtior
934 2688 1014 2730 arma

174 2751 307 2815 Bellancli
328 2755 426 2815 studio
450 2755 632 2816 Penthesilea
656 2755 745 2816 subit.
772 2830 776 2836 Ι
1047 2763 1096 2811 mo

131 2836 263 2916 Protegit
285 2841 405 2916 egregia
428 2837 518 2901 lorica
542 2839 675 2900 membra
697 2838 826 2919 triplice,
899 2915 902 2920 Ι

174 2921 268 2983 Ocrea
291 2922 400 2984 ierrata
424 2924 548 2984 candida
572 2942 660 2984 crura
682 2925 767 3002 tegit;

131 3074 333 3084 Μ

200 3157 256 3212 173.
292 3155 403 3212 Confer,
425 3157 548 3209 Marcell.
571 3158 680 3224 Paling.
699 3160 793 3224 palu
810 3173 836 3206 v.
855 3159 889 3208 et
907 3157 986 3221 (edit.
1004 3158 1095 3208 Paris.

133 3225 207 3275 1580.
226 3222 281 3290 16).
352 3228 408 3277 115.
428 3225 550 3276 Marcell.
569 3226 677 3288 Paling.
696 3225 715 3276 1.
733 3227 780 3279 cit.
798 3241 823 3290 p.
842 3227 901 3288 313,
921 3241 947 3275 v.
969 3228 992 3276 1.

233 3293 387 3344 Mercurius
405 3293 527 3345 Geminis
546 3300 575 3344 et
593 3293 707 3357 pulchre
725 3292 838 3358 Virgine
857 3292 969 3355 gaudet.

135 3361 193 3411 185.
212 3359 324 3425 Virgilii
342 3363 407 3412 Aen.
426 3362 515 3423 1v‚e.
585 3363 643 3413 187.
661 3361 739 3425 Virg.
756 3362 826 3410 Aen.
845 3359 892 3422 IV,
912 3361 961 3411 135

235 3427 298 3477 Stet
314 3429 435 3494 sonipes,
449 3437 488 3479 'ao
507 3428 584 3479 irene
602 3429 680 3479 ferox
698 3428 855 3494 spumantia
873 3427 990 3478 mandit.

133 3496 191 3546 190.
210 3510 225 3546 e
243 3497 366 3562 margine
386 3511 434 3561 pro
453 3496 514 3545 fnit.
