2574 3976
438 179 501 231 nab.
520 181 554 236 v.
584 195 611 232 v.
629 181 775 232 aee-ota.
1029 177 1088 241 151

9 325 11 408 l
114 329 290 396 Toemirreas
312 336 389 393 vires
411 349 468 410 ego
491 335 581 402 sensi,
605 333 836 412 tuque‘ririles;

9 411 11 432 ⁵
160 416 263 478 Nonne
286 415 387 498 liquet,
411 415 490 496 quod
513 419 555 477 sis
578 415 772 492 inominata,
797 417 841 476 vir
864 416 937 493 egoi
1036 423 1089 474 590

115 499 223 570 Credo,
248 500 312 562 dies
334 499 478 561 hodierna
499 499 639 580 probabit
661 507 762 561 utrum
785 499 927 561 mulieres

159 586 226 648 Sint
249 585 324 647 baec
346 602 509 664 pensorum
532 583 661 659 turbida,
684 587 747 646 sive
768 603 877 646 mares.

112 672 187 732 Tiro
210 672 249 731 sit
273 667 366 740 miles,
392 669 498 730 mulier
520 671 556 730 sit
579 670 718 738 foemina,
743 669 787 730 vir
810 687 886 738 mas,

157 752 210 816 llla
231 755 277 814 vir
299 759 349 813 aut
371 752 478 815 mulier
502 751 568 813 illei
590 753 705 814 referre
727 753 821 815 nolas.

115 840 149 901 ln
172 837 277 917 pelago
299 845 368 899 mea'
387 837 483 898 cimba
506 837 569 907 luit,
593 843 691 898 tamen
713 840 829 916 integra
851 839 973 906 mausit;
1029 844 1080 895 595

159 919 317 984 Fluctibus
339 923 370 982 in
392 921 500 983 mediis
523 932 567 983 est
590 930 640 983 tua
662 923 757 984 iraota
780 921 862 983 ratis.

114 1007 165 1068 Sis
187 1004 276 1084 hujus
299 1007 407 1066 virtute
430 1022 535 1067 manus
558 1004 672 1076 edocta,
696 1005 802 1086 puellis

158 1089 243 1160 Quod
256 1107 327 1162 uon
349 1093 388 1151 sit
409 1098 504 1152 tutum
528 1089 605 1151 bella
627 1109 749 1152 movere
773 1091 851 1151 viris.

115 1173 253 1237 lmbcllcs
275 1176 356 1245 estis,
380 1173 430 1235 ubi
452 1181 524 1235 suot
545 1191 618 1254 quas
640 1193 706 1236 csse
729 1173 857 1236 rebelles

158 1259 210 1320 Est
232 1265 283 1320 tua
305 1276 359 1336 per
382 1258 489 1320 multas
512 1258 615 1335 lingua
637 1257 735 1319 locuta
757 1260 853 1320 vicesi
1031 1267 1082 1316 600

5 1383 6 1414 2
113 1344 243 1405 Portasti
267 1341 397 1419 gladium
421 1357 480 1401 nou
503 1341 611 1411 iusum,
634 1341 701 1420 plus
725 1345 793 1419 quia
817 1344 881 1402 suso

160 1427 231 1488 Pers
253 1423 395 1504 gladium,
419 1425 517 1502 gladio
540 1424 656 1485 vindice
678 1425 742 1486 lusa
762 1429 854 1505 jaces.

113 1511 163 1572 Tu
187 1511 255 1588 quia
277 1508 457 1571 funebribus
479 1527 511 1570 es
533 1526 592 1569 non
615 1507 812 1572 muliebribus
835 1525 897 1583 usa,

160 1592 300 1657 Funebre
323 1595 383 1655 lers
405 1593 531 1674 pondus,
555 1610 614 1656 nou
638 1592 787 1655 muliebre
810 1594 910 1655 decus.

115 1680 178 1741 Hac
198 1680 262 1738 rice
284 1679 310 1738 si
333 1675 452 1758 specula
475 1695 535 1738 non
557 1677 669 1757 spicula
691 1679 775 1757 virgo
798 1677 925 1746 tulisses,
1032 1687 1083 1738 605

161 1761 264 1823 Telam
286 1778 346 1824 uon
370 1760 428 1822 tela
450 1762 543 1822 vivida
566 1763 645 1823 sorte
666 1764 757 1827 seres.

114 1848 209 1915 Haec;
234 1852 264 1907 et
286 1845 383 1907 adbuc
405 1845 534 1924 gladium
558 1848 679 1925 reginae
704 1847 847 1925 sanguiue
870 1847 994 1908 crudum

139 1931 388 2011 ·Quadrupedem
411 1929 566 1992 stimulans
588 1932 677 1992 mittit
699 1934 731 1994 in
754 1948 820 1992 ossa
844 1931 1005 2012 Phrygum.

113 2016 283 2077 Taenariae
306 2014 397 2078 limen
421 2018 496 2096 petit
517 2013 709 2077 irremeabile
732 2023 835 2094 portae

157 2101 245 2169 llaec,
269 2100 345 2161 ritae
368 2100 509 2161 claudens
532 2101 575 2160 sic
598 2103 888 2172 monimentasuae.
1032 2109 1085 2159 tto
1149 2113 1155 2124 ·

305 2279 475 2349 [TROJANI
496 2277 661 2333 FUGIUNT
683 2279 723 2333 IN
747 2277 898 2348 uultum]

116 2401 264 2464 Panditur
286 2402 432 2461 immenso
456 2401 598 2461 deformis
620 2404 764 2478 sanguine
787 2419 920 2483 campus,

159 2486 215 2546 llic
234 2483 315 2564 jacet
337 2485 454 2545 occisus
478 2483 642 2560 Dardanus,
665 2485 716 2545 bic
738 2485 865 2548 Danaus.

119 2571 278 2649 Postquam
301 2571 424 2646 reginae
448 2569 585 2630 viderunt
607 2571 712 2630 lunera
734 2569 851 2639 Teucri,

160 2655 301 2716 Protinus
325 2662 370 2713 est
391 2651 449 2713 illis
472 2671 580 2714 ancora
604 2662 690 2732 rupta
713 2656 785 2734 spei.

115 2738 279 2818 Complosis
301 2737 439 2798 manibus
461 2756 582 2816 campos
606 2736 767 2800 ululatibus
788 2737 925 2818 implent,
1036 2749 1088 2798 615

159 2822 282 2884 Labitur
304 2825 335 2883 in
358 2830 487 2883 moestas
508 2821 631 2884 lacrima
654 2821 737 2902 larga
760 2841 861 2902 genas.

114 2906 178 2967 Nec
200 2906 306 2967 modus
329 2913 375 2967 est
396 2905 537 2975 lacrimis,
560 2914 671 2977 rorant,
694 2905 851 2987 clypeique
869 2904 1030 2986 jubeoque,

158 2990 276 3051 Thorax
299 3008 315 3050 a
338 2990 459 3051 lacrima
482 2992 559 3051 sicut
581 2989 618 3051 ab
641 2988 739 3051 imbro
761 2989 890 3051 madent.

183 3261 242 3312 tet.
263 3258 330 3310 (iod.
342 3257 459 3324 puellas.
511 3260 570 3310 606.
587 3259 646 3310 cod.
666 3259 748 3314 fores.
808 3259 870 3311 607.
888 3259 973 3311 schol.
991 3259 1081 3310 Haec.

4 3343 5 3358 ¹
115 3328 187 3393 supl.
207 3328 256 3378 eit.
326 3327 384 3381 609.
404 3329 447 3378 est
465 3325 550 3378 Statii
567 3326 654 3378 Theb.
674 3328 697 3390 1,
710 3328 751 3382 96.
821 3328 879 3377 611.
899 3325 982 3377 Statii
994 3327 1082 3382 Theb.

113 3393 150 3457 X,
163 3396 179 3446 5
197 3399 249 3458 est,
270 3409 304 3446 ex
322 3408 375 3459 quo
393 3394 454 3446 loco
468 3409 515 3460 pro
528 3394 615 3445 nostri
626 3395 775 3445 immensus
788 3395 928 3459 posuimus
940 3395 1084 3445 immenso.

111 3461 172 3512 ⁶15.
192 3460 252 3514 cod.
272 3463 384 3527 campis.
454 3463 513 3515 617.
532 3460 616 3512 Statii
633 3461 720 3513 Theb.
739 3461 785 3522 lV,
807 3464 847 3514 18.
