2574 3976
205 185 267 250 180
506 146 568 237 us'u.
587 189 633 240 vr.
670 204 696 238 v.
714 189 858 243 ees-41e
967 241 970 249 ,

402 435 404 440 ι
471 366 720 437 [MXPUGNATIO
740 369 897 439 Tholas]

201 474 331 552 Tempus
354 481 425 543 orat,
450 491 508 552 que
531 474 625 552 prima
649 475 732 554 quies
755 476 889 536 mortalia
914 476 1046 538 membra

244 556 343 618 lulicit
365 567 395 618 et
417 557 573 618 cerebrum
596 560 710 636 gratior
733 558 805 620 hora
828 558 909 633 linit;

202 641 329 704 Lumine
352 650 511 722 conspecto
533 649 695 721 properant
718 643 754 703 ad
778 643 922 720 Pergama
945 645 1050 706 Graeci

243 725 384 797 Quolibet
406 727 531 787 accincti
554 725 672 787 fortiter
695 745 766 788 ense
789 747 855 789 suo.

201 811 342 891 irrupere
364 809 471 880 Thoas
494 810 629 879 adamas,
654 809 724 890 hjax
749 821 778 872 et
800 813 924 891 Epimus
1121 824 1174 874 395

245 893 345 956 Paene
368 895 487 974 quidam
511 897 625 975 primus
647 895 710 974 ipse
733 897 874 958 Machaon
899 906 972 958 erat.

200 977 379 1049 Tessander,
403 979 572 1046 Sthenelus.
596 977 758 1049 Menelaus,
781 980 899 1049 Nestor,
924 981 1024 1042 Ulixes

242 1061 335 1124 lmmo
358 1061 475 1140 globata
496 1062 584 1123 simul
608 1062 715 1124 Dorica
739 1072 798 1124 tota
821 1063 958 1144 phalanx.

199 1147 345 1207 invadunt
366 1146 471 1209 urbem
495 1165 599 1208 somno
621 1165 764 1228 meroque
788 1148 944 1226 sepultam,

242 1230 315 1292 llico
338 1228 478 1309 dejicitur
500 1227 598 1293 omnis
619 1229 657 1291 ab
679 1248 749 1292 arce
771 1233 848 1310 vigil.
1117 1243 1172 1293 400

199 1314 284 1376 Tunc
307 1315 436 1376 mediam
458 1317 520 1377 ruit
541 1317 570 1377 iu
593 1314 699 1378 urbem
723 1333 882 1379 numerosa
902 1315 1050 1396 juventus,

243 1398 328 1461 'lune
350 1398 480 1478 gladium
504 1401 603 1478 eoepit
623 1402 721 1460 terrea
745 1401 825 1462 ierre
847 1419 965 1463 manus.

199 1483 366 1562 Aggeribus
388 1487 488 1565 ruptis
511 1487 553 1544 sic
575 1502 718 1564 spumeus
739 1485 834 1546 ellluit
855 1489 951 1546 amnis

242 1566 280 1629 Et
303 1569 392 1630 nimis
414 1569 526 1629 insanis
546 1567 649 1647 jugera
672 1578 789 1647 pressat
811 1573 906 1646 aquis.

199 1651 385 1713 Teucrorum
409 1660 525 1714 mentes
546 1653 799 1730 inopinatissimus
820 1655 911 1715 intrat
1118 1664 1171 1712 405

241 1736 364 1806 Horror,
389 1737 539 1798 inauditus
562 1739 694 1798 concutit
716 1755 782 1797 ossa
805 1743 928 1799 tremor.

199 1820 261 1882 Nec
285 1822 410 1889 mirum:
435 1828 516 1882 tanto
538 1821 710 1881 terebratur
731 1820 821 1899 'l'roja
846 1822 978 1899 lragore-

241 1904 374 1984 Tamque
396 1923 516 1984 gravem
538 1905 680 1985 strepitus
701 1905 830 1966 reddidit
853 1903 903 1966 ille
925 1923 1039 1974 sonum,

201 1987 240 2050 Ut
262 1991 368 2050 credas
390 2007 494 2050 omnes
516 1992 641 2066 agitasse
666 1990 795 2051 tonitrua
818 2000 921 2050 uentos

243 2071 293 2132 Vel
316 2075 410 2152 magis
432 2075 462 2132 in
485 2076 613 2151 primum
638 2081 743 2135 cuncte
765 2076 863 2135 ruisse
884 2074 985 2135 chaos.
1118 2085 1172 2134 410
1275 2075 1276 2078 ’

199 2159 336 2218 Armatus
359 2167 455 2218 astare
477 2157 610 2237 Phryges
631 2160 662 2218 in
686 2157 797 2219 lumine
819 2161 918 2238 primo

243 2242 277 2302 El
302 2241 403 2303 stricte
426 2251 524 2322 postes
548 2260 617 2302 ense
640 2259 748 2302 souare
770 2251 911 2302 tremunt.

266 2395 324 2446 ast.
343 2396 385 2448 92.
405 2393 480 2457 Virg.
500 2393 566 2444 heu.
585 2392 621 2456 11,
641 2393 699 2443 268.
718 2395 759 2442 69.

284 2459 406 2526 Tempus
423 2465 494 2525 erat,
514 2475 566 2525 que
586 2461 673 2526 prime
691 2460 769 2525 quies
787 2459 951 2510 mortalibus
969 2461 1061 2525 aegris

283 2527 393 2592 Incipit,
416 2533 444 2578 et
462 2527 533 2578 dono
551 2526 652 2578 Diviim
670 2525 829 2592 gratissime
847 2528 942 2593 serpit.

198 2595 257 2646 396.
281 2609 388 2660 margo:
415 2595 527 2660 proprie
551 2596 672 2649 nomina.
699 2619 732 2631 -
758 2593 885 2658 Epimum
911 2595 1066 2645 invenimus
1094 2595 1172 2660 apud

199 2660 346 2728 Virgilium
364 2663 415 2713 sub
434 2663 544 2712 nomine
562 2662 643 2778 Ephesii
658 2661 734 2728 Virg.
753 2662 836 2779 Aetli:h
841 2661 878 2725 ΙΙ,
896 2663 955 2712 262.
973 2664 1014 2714 63.
1033 2663 1076 2712 tt.

485 2755 520 2764 -
535 2755 569 2764 -
645 2743 719 2778 emes
740 2743 775 2778 ue
835 2744 884 2780 ees
904 2745 939 2780 ue

301 2795 467 2863 Pelidesque
484 2794 699 2861 Neoptolemus?
718 2745 875 2862 {latinusque
886 2743 1039 2858 (ddeehaom

303 2863 340 2913 Et
356 2863 510 2926 Menelaus,
529 2868 558 2913 et
575 2863 637 2928 ipse
656 2863 712 2915 doli
729 2863 879 2914 fabricator
895 2864 987 2930 Epens

200 2932 259 2981 397.
278 2931 440 2996 Tessander.
458 2931 537 2996 Virg.
553 2932 622 2984 Aen.
639 2930 676 2994 ΙΙ,
694 2933 743 2981 261

294 2999 447 3049 Tieendrus
465 2997 665 3064 Sthenelusque
684 2998 778 3062 duces,
797 3000 825 3047 et
842 2997 922 3050 divus
940 2997 1066 3063 Ulysees.

199 3067 258 3116 399.
276 3064 355 3130 Virg.
373 3065 439 3119 Aen.
458 3066 496 3128 11,
514 3067 573 3117 265.
642 3068 702 3117 401.
719 3064 832 3115 Gualtb.
850 3065 932 3116 Alex.
950 3065 973 3128 1,
990 3066 1047 3117 822.
1066 3067 1108 3116 23.

197 3177 198 3182 ,
468 3159 501 3169 -
519 3159 566 3191 -,
584 3134 642 3184 ruit
659 3133 747 3184 omnis
766 3133 795 3183 iu
812 3133 908 3184 urbem

403 3200 506 3262 Turba,
524 3202 597 3265 perit
615 3205 667 3251 ete.

198 3268 258 3318 403.
277 3266 336 3317 eod.
356 3268 444 3320 annis.
462 3267 541 3332 Virg.
558 3267 628 3318 Aen.
645 3269 684 3333 11,
702 3267 753 3318 496
771 3281 831 3332 sqq.

317 3334 379 3385 Non
397 3335 446 3398 sie,
465 3334 614 3399 aggeribus
634 3336 722 3400 ruptis
741 3349 802 3384 eum
821 3349 952 3398 spumeus
969 3334 1059 3385 amuis

318 3401 394 3516 {xib
412 3403 609 3470 oppositasque
628 3403 712 3453 evicit
730 3403 839 3468 gurgite
858 3400 944 3452 moles

343 3472 416 3518 entur
435 3473 489 3519 ete.
549 3513 550 3518 ,
