2590 3984
453 171 515 222 nib.
534 171 581 224 1v.
611 188 638 224 v.
657 173 799 224 ors-550.
1041 169 1103 233 119

124 327 211 398 Quid
232 323 468 406 perfecerimus?
492 323 599 403 quibus
622 332 772 386 ostentare
795 322 936 393 valemus,
1045 331 1095 382 525

175 412 208 472 Si
231 408 330 470 verbis
353 425 429 487 optus
453 418 497 468 est
520 409 620 478 edere,
645 416 732 488 turpe
754 407 846 485 loqui.

124 495 246 568 ¹Quidve
269 494 389 554 domum
413 493 536 553 ierimus
559 491 674 553 decimo
697 496 756 554 nisi
780 492 910 553 dedecus
933 492 1028 552 anno?

174 580 275 642 Occisi
300 580 387 646 cives,
412 579 557 637 interiere
579 577 679 638 duces.

123 663 222 742 'Troja
245 670 304 722 stat
326 671 356 722 et
378 668 496 723 nostros
518 662 683 723 subsannat
704 662 782 723 laeta
806 661 936 729 iabores,

174 749 255 808 Vivit
278 745 383 814 adbuc,
407 744 519 806 Helena
544 765 602 806 non
625 747 780 813 redeunte,
804 744 898 805 Paris.
1049 753 1100 802 530

132 834 170 895 Et
192 835 218 893 si
240 849 294 891 nos
316 829 366 890 illa
388 831 520 890 nondum
544 831 690 892 redeunte
713 829 858 898 redimus,

176 915 346 978 Claudimus
370 921 490 976 aeterno
512 914 625 994 proelia
648 914 735 993 longa
758 914 881 994 probro.

132 1001 217 1064 Unde
240 999 348 1060 decere
370 1016 455 1067 reor..
473 1006 505 1060 ut
527 999 623 1061 adbuc
645 1000 787 1061 sudemus
809 1000 839 1058 in
863 997 964 1068 armis,

176 1085 250 1146 Cras
273 1092 413 1164 poterunt
434 1084 501 1144 fieri
524 1093 588 1146 vota
611 1087 764 1162 precantis
786 1083 862 1144 heri.

131 1170 269 1231 Forsitan
292 1168 329 1228 ad
352 1167 468 1228 Danaos
491 1168 579 1229 saciet
601 1168 722 1230 fortuna
742 1167 888 1238 volatum;

175 1254 324 1313 Fortunae
348 1255 442 1313 series
466 1259 510 1312 est
533 1255 648 1313 variare
670 1255 764 1321 vices;

129 1339 281 1400 Fortunae
305 1355 363 1396 non
386 1344 465 1397 stare
488 1343 591 1405 statue,
615 1337 775 1404 deludere:
800 1336 887 1397 ludus

174 1423 208 1482 ln
232 1423 296 1482 risu
319 1421 425 1499 plorat,
450 1421 507 1481 alta
531 1421 660 1498 petendo
684 1418 772 1482 labat.

131 1507 194 1567 Hoc
217 1507 337 1565 firmum
359 1513 457 1564 servat
478 1505 557 1584 quod
581 1520 731 1584 nunquam
753 1506 849 1570 firma,
873 1501 960 1565 fidele

174 1590 236 1651 Hoc
259 1588 355 1649 solum
377 1589 495 1657 retinet,
521 1588 598 1668 quod
623 1598 704 1651 caret
727 1587 777 1650 ilia
801 1589 874 1660 fide;

131 1675 195 1736 Hoc
218 1673 281 1735 solo
304 1690 391 1732 verax
416 1673 494 1749 quod
518 1691 637 1752 semper
660 1672 732 1734 ialsa
755 1672 909 1752 probatur,

173 1759 236 1818 Hoc
260 1757 324 1818 solo
346 1755 463 1817 stabilis
485 1758 564 1834 quod
587 1766 687 1818 manet
709 1757 821 1836 absque
844 1766 933 1819 statu.

131 1843 182 1904 ida
206 1860 290 1903 suam
313 1841 455 1901 volvendo
478 1849 584 1911 rotam,
608 1843 742 1902 fortassis
764 1840 903 1903 Achivam

174 1927 303 1987 lntroitu
325 1933 410 2003 grato
432 1925 494 1986 vult
516 1933 675 2004 penetrare
698 1926 828 1986 domum.

132 2012 163 2072 Si
186 2011 303 2070 iortuna
326 2010 414 2078 volet,
438 2011 469 2069 in
493 2028 630 2090 campum
652 2009 741 2089 Troja
765 2010 885 2084 redibit,

174 2093 264 2173 Cujus
287 2093 463 2171 nubigenum
487 2112 566 2156 nunc
587 2105 676 2172 caput
699 2102 777 2156 astra
800 2097 921 2173 premit.

133 2179 170 2239 At
192 2179 290 2238 divina
311 2176 393 2256 jurat
414 2177 531 2238 oracula
555 2197 710 2259 quaerere,
735 2180 871 2256 quisnam

174 2262 320 2340 Ancipitis
342 2261 411 2322 beili
433 2265 580 2323 terminus
604 2281 669 2324 esse
693 2263 771 2323 11111.

131 2346 341 2425 Respondetur
363 2347 415 2413 eis,
441 2345 519 2423 quod
543 2350 716 2425 progeniem
741 2363 796 2425 per
818 2345 939 2406 Achillis

173 2429 285 2492 Debeat
307 2429 343 2489 ad
366 2429 455 2490 tinem
478 2429 601 2490 bellicus
624 2432 668 2490 ire
690 2437 794 2490 status.

199 2684 258 2733 131.
276 2683 376 2732 Adeon.
394 2681 488 2747 Epigr.
508 2683 566 2744 143,
587 2685 611 2733 1.

232 2751 385 2800 Fortunam
402 2763 541 2815 nunquam
558 2750 633 2801 sistit
649 2750 677 2799 in
697 2749 792 2800 eodem
811 2753 895 2800 statu.

233 2816 347 2882 Semper
364 2822 500 2867 moratura
518 2818 612 2867 variat
630 2822 659 2867 11
675 2821 764 2868 mutat
782 2818 865 2874 vices,

232 2885 269 2933 Et
287 2899 392 2935 summe
411 2885 440 2933 in
459 2887 541 2933 imum
558 2885 695 2935 11111111
713 2899 793 2936 veroa
811 2884 899 2948 erigit.

128 2971 181 3021 540
199 2983 259 3033 sqq.
280 2961 384 3017 Similis
401 2966 478 3017 locus
498 2967 549 3018 Ov.
568 2968 651 3018 Trist.
669 2967 701 3026 V,
720 2970 744 3025 8,
764 2969 796 3017 to
814 2981 875 3030 sqq.

231 3034 364 3085 Pessibue
382 3035 518 3114 ambiguis
537 3036 663 3084 Fortuna
681 3034 811 3085 volubilis
830 3037 905 3082 errat
946 3079 950 3084 .
969 3092 974 3099 ¹

233 3100 908 3230 811111111111811ζῖ1ηαη111101ῗῐ11111111811111116111111111
927 3167 1050 3231 acerbos,

265 3236 301 3286 Et
320 3241 427 3286 tantum
448 3240 578 3288 constans
596 3239 625 3287 in
643 3237 758 3288 11111111
778 3251 828 3287 sua
848 3240 899 3290 est.

127 3323 186 3373 543.
206 3321 293 3370 dmm.
310 3319 465 3370 Marcellin.
483 3319 587 3382 XXXI,
608 3323 631 3370 1.
649 3322 790 3372 Fortunae
809 3319 929 3371 volueris
948 3323 1022 3382 rota,
1046 3317 1097 3369 ad-

128 3404 207 3440 versa
222 3388 365 3454 prosperis
384 3402 486 3453 semper
504 3389 655 3442 alternans,
