2590 3984
463 190 526 242 Lib.
544 191 591 245 IV.
626 205 654 241 v.
675 191 766 240 1-18.

131 345 250 408 Pelides
272 351 407 406 remanet
429 341 607 419 Troilusque
629 349 766 404 cruentat
787 340 907 402 Atrides

131 431 205 494 Cum
229 428 370 491 Diomede
393 427 482 494 duos;
503 445 563 505 pax
585 425 738 488 mensibus
760 429 878 503 integra
900 424 990 486 senis.

130 517 196 578 Non
218 513 318 595 prodit
341 512 473 589 quamvis
496 528 512 571 a
533 528 605 589 rege
628 519 750 589 rogatus
771 509 910 572 Achilles.
994 539 998 546 ·
1082 516 1097 566 5

129 601 232 678 Pugna
255 599 316 668 diu,
343 615 401 676 pax
424 613 527 658 meuse
550 598 641 674 viget3
665 615 717 658 sex
738 612 837 675 pugna
860 594 974 656 diebus.

129 685 263 763 Septima
285 699 366 742 mors
388 679 491 748 Troili,
515 679 548 740 tt
569 699 625 759 pax
648 681 771 758 triginta
793 681 920 742 dierum.

130 769 249 831 Occidit
271 764 425 828 Aeacides.
469 765 528 826 Pro
550 763 666 844 Pyrrho
688 767 778 826 mittit
799 765 928 826 Atrides.

129 853 254 916 Ochsor
275 849 392 912 Paridis
414 851 445 910 in
469 849 574 910 castris
595 849 699 909 interit
720 849 803 928 Ajax.

129 936 250 1017 'frojam
272 933 459 997 circumdant
482 941 512 993 et
533 931 718 995 Penthesilea
740 935 931 1014 propinquat.
1067 941 1099 989 10

324 1135 624 1196 EXPLIOIUNT
651 1136 902 1198 OAPITULA.

377 1251 518 1303 INCIPIT
534 1253 647 1305 LIBER
667 1253 848 1318 QUARTUS.

343 1347 492 1404 NESTOR
510 1347 699 1416 LOQUITUR
717 1349 882 1406 GRAECIS.

128 1459 250 1522 Addidit
271 1454 418 1518 invalidae
440 1453 534 1515 robur
556 1455 693 1517 facundia
717 1473 833 1524 causae,

172 1544 296 1623 Saepius
318 1548 348 1600 et
370 1541 491 1600 moestis
513 1539 666 1601 commoda
686 1541 781 1615 multa
805 1539 882 1601 tulit.

128 1629 257 1691 Lucidus
278 1627 310 1686 iu
333 1623 431 1686 causis
454 1623 569 1694 Nestor,
592 1624 644 1685 sed
667 1626 820 1688 museidus
842 1625 937 1696 aunis,

170 1713 296 1775 Nomine
319 1707 434 1769 consilii
456 1712 551 1787 poscit
572 1709 677 1772 adesse
701 1710 804 1775 duces.

119 1799 175 1859 'Me
197 1795 305 1858 melius
328 1794 423 1854 nostis
446 1811 480 1855 ea
503 1813 580 1872 quae
601 1794 725 1874 loquur;
750 1801 795 1856 est
817 1794 1006 1855 manifestum
1081 1802 1097 1851 t

170 1879 255 1952 Quod
277 1895 381 1941 sumus
404 1878 546 1958 acephali,
568 1897 641 1956 rege
663 1897 809 1949 caremus,
833 1880 883 1940 ait.

127 1967 229 2046 Turpe
252 1979 344 2044 pecus
367 1963 513 2033 mutilum,
538 1966 634 2043 turpis
657 1967 720 2026 sine
742 1964 876 2043 gramine
900 1980 1031 2043 campus,

170 2051 206 2111 Et
228 2051 293 2110 sine
316 2046 422 2107 tronde
444 2048 543 2110 frutex
566 2055 596 2109 et
617 2051 682 2110 sine
704 2051 787 2110 crine
809 2055 913 2128 caput;

128 2135 165 2195 lit
188 2151 256 2194 vere
279 2131 376 2210 turpis
400 2135 548 2194 exercitus
571 2136 701 2196 estsine
724 2152 805 2212 rege,

170 2219 334 2295 Praecipue
356 2215 427 2277 belli
449 2235 517 2278 eum
539 2225 631 2279 status
653 2220 744 2279 instat
766 2221 804 2279 ei.

127 2301 243 2364 Bellum
266 2318 326 2382 uon
347 2303 448 2372 instat,
472 2305 564 2362 immo
587 2305 735 2364 veraciter
757 2309 847 2372 extat,

170 2385 328 2450 intrabunt
350 2384 461 2458 hostes,
484 2388 533 2446 vix
556 2389 613 2448 erit
635 2395 699 2448 orta
722 2388 796 2455 dies,

127 2471 309 2550 Praeceptor
333 2470 398 2548 quis
421 2479 525 2531 noster
547 2471 622 2532 erit?
645 2489 694 2532 res
717 2470 821 2532 bellica
844 2469 914 2530 duci

168 2556 235 2617 Non
259 2553 337 2615 valet
359 2554 472 2634 absque
496 2554 581 2626 duce,
604 2573 665 2617 non
688 2557 751 2616 sine
774 2572 845 2634 rega
867 2556 940 2634 regi.

128 2639 270 2703 Errantes
294 2641 415 2710 erimus,
438 2642 465 2700 si
486 2648 683 2720 praeceptore
705 2657 850 2709 caremus,
1024 2653 1026 2657 ·
1062 2648 1093 2696 15

169 2724 229 2785 Nos
252 2731 281 2784 et
304 2742 380 2804 quae
403 2725 538 2795 tulimus,
561 2725 697 2787 hostibus
720 2743 801 2788 arma
825 2724 939 2786 damus.

125 2808 189 2870 Rex
211 2810 416 2886 Agamemnon
439 2816 511 2877 erat,
536 2809 584 2870 hic
606 2812 703 2880 cessit,
727 2814 777 2872 eui
799 2809 973 2872 Palamedes

167 2891 249 2952 lllieo
271 2894 426 2962 successit,
450 2893 530 2954 illico
552 2897 609 2955 cito
632 2899 702 2956 ruit.

124 3092 224 3144 indicIs
241 3094 450 3158 inscriptionem
468 3095 548 3160 quasi
565 3096 645 3160 primi
664 3097 780 3162 capituli
800 3097 882 3158 iecit:
904 3097 1091 3161 Agamemnon

123 3161 224 3210 iterum
242 3167 349 3226 regnat.

101 3261 105 3268 -
203 3230 226 3277 l.
255 3229 364 3279 Luceni
391 3233 435 3279 est
461 3230 558 3281 Phara.
577 3229 644 3294 VII,
671 3235 711 3287 67.
815 3237 840 3286 3.
859 3248 873 3282 a
892 3233 1016 3298 margine
1040 3249 1089 3298 pro

122 3296 255 3346 mucidus.
314 3296 338 3347 7.
356 3299 381 3348 8.
401 3296 452 3349 Or.
469 3297 521 3348 Ars
539 3299 589 3360 ΙΙΙ,
608 3300 667 3352 tte.
686 3304 727 3356 50.
782 3303 806 3353 9.
825 3303 864 3354 10.
883 3299 993 3350 Guulth.
1012 3300 1089 3352 Alex.

122 3363 169 3425 IV,
188 3365 248 3414 467.
267 3365 292 3417 8.
327 3364 386 3414 Neo
404 3365 510 3416 munire
528 3365 603 3416 letus
622 3371 705 3419 armis
724 3369 783 3419 siue
798 3383 870 3422 uoce
886 3367 1021 3432 jubentis,

324 3431 369 3482 Ire
388 3447 440 3482 nee
458 3433 488 3482 in
505 3439 610 3484 turmas
629 3436 713 3490 audet
731 3437 791 3488 sine
808 3437 935 3502 principa
954 3436 1043 3492 miles.

122 3497 161 3552 12.
181 3497 261 3551 Ouid.
279 3499 358 3551 Fani.
376 3501 412 3562 11,
432 3502 483 3550 330
517 3526 549 3536 -
569 3527 601 3538 -
621 3519 682 3554 cum
699 3504 772 3555 forat
790 3509 851 3556 orta
870 3505 936 3557 dies.
