2592 3978
197 180 240 246 48
509 181 572 231 Lib.
590 178 626 229 11.
661 195 688 229 r.
706 179 851 229 ato-291.

199 333 337 398 Gaudent
358 332 457 410 Argivi
479 329 661 410 Colchosque
683 339 824 410 receptus
846 329 971 390 honeste
1114 337 1166 388 aaa
1273 358 1279 433 ¹.

241 419 322 479 Inter
344 436 396 478 eos
418 417 500 493 degit
522 433 578 477 nec
599 433 653 478 sna
675 423 753 478 tecta
777 417 862 494 petit.

318 563 473 620 attotam
490 561 592 617 rutra
608 561 657 617 ΕΤ
675 561 788 616 ARMIS
805 560 976 616 MUNIUNT
995 559 1055 620 stt.

199 671 265 735 Non
288 677 427 749 poterant
448 673 506 731 ista
527 667 675 745 Trojanos
696 669 773 729 lacta
797 667 900 737 latera,

243 756 410 817 Obtirmant
433 755 520 815 etiam
544 762 676 833 pectora,
700 753 758 813 tela
781 761 897 831 parant.

199 819 313 902 Rumor
335 848 367 899 ut
388 838 437 898 hic
460 841 590 917 primum
614 838 723 898 Priami
746 853 801 912 per
823 844 900 896 tecta
921 833 1037 905 volarit,

242 923 324 986 Bella
347 923 429 992 milri,
452 922 549 989 video
573 920 651 982 hella
675 930 828 1000 parantur,
851 921 901 982 ait
1114 926 1167 977 270

200 1011 304 1070 Armet
328 1015 357 1067 ot
378 1005 444 1087 ipse
467 1005 631 1086 Phryges
623 1023 654 1065 m
672 1005 801 1084 proelia,
824 1009 941 1066 moenia
965 1005 1062 1065 munit

242 1092 375 1163 taxillis,
398 1092 498 1159 armis,
522 1090 636 1150 viribus
657 1100 747 1168 atque
769 1091 855 1158 viris;

202 1175 372 1237 Thesauros
394 1176 498 1254 aperit,
522 1174 573 1234 dat
594 1175 730 1235 donativa
753 1173 892 1252 maniplis

242 1259 333 1322 Ocius
354 1261 385 1319 in
406 1258 518 1320 bellum
540 1266 702 1337 congregat
724 1277 812 1319 omno
834 1256 940 1319 solnm.

201 1344 295 1405 Flevit
317 1352 348 1405 et
369 1344 418 1404 ltic
440 1343 551 1404 Helena
575 1343 715 1422 specialis
737 1362 826 1404 causa
849 1342 1003 1409 malorum,
1116 1349 1168 1400 att

243 1433 380 1489 Attamen
403 1426 451 1489 his
472 1427 617 1489 modicam
640 1427 761 1489 fletibus
781 1428 859 1488 addo
880 1428 985 1493 tidem;

202 1511 351 1574 Ponatur:
376 1511 521 1586 lacrimas,
546 1530 621 1592 quas
644 1511 754 1572 iuderit
776 1511 859 1580 haec,
883 1511 1024 1572 mulieres

244 1597 282 1658 Ut
303 1597 419 1665 llerent,
443 1595 545 1656 oculos
568 1595 706 1656 erudiere
728 1614 809 1656 suos.

202 1680 310 1752 Quales
333 1697 404 1758 ergo
426 1680 497 1750 cibi,
521 1677 587 1740 talis
610 1680 715 1740 domus
737 1689 825 1759 atque
847 1676 982 1757 supellex

245 1763 346 1836 Qualis
368 1771 433 1826 erat
455 1763 571 1833 mulier,
595 1764 653 1825 tale
676 1763 822 1842 coquebat
843 1762 918 1824 olus.
1116 1770 1169 1821 280
1285 1747 1286 1752 ἵ

269 1909 479 1966 TEMPESTAS
498 1909 726 1965 nuaucouutt
742 1908 864 1964 Natus
882 1908 1092 1964 TRAHEBAT.

201 2019 328 2087 Ancora,
350 2034 427 2095 quae
449 2017 592 2077 Graecam
616 2022 699 2077 tenet
720 2019 799 2076 inter
820 2014 920 2076 littora
942 2013 1076 2083 classem,

113 2175 118 2183 Ι
246 2101 386 2170 Solvitur,
410 2100 558 2180 incipiunt
580 2118 692 2179 aequor
715 2118 816 2160 amaro
838 2108 927 2161 rates.

202 2184 310 2246 Aeolus
331 2186 441 2244 insanit
463 2195 505 2244 et
501 2191 691 2262 tempestate
713 2194 816 2245 coacta

168 2293 170 2300 ’
245 2271 366 2347 Cogitur
388 2269 424 2328 ad
447 2267 530 2329 littus
554 2268 666 2329 Graeca
688 2269 789 2350 redire
811 2268 948 2348 phalanx

202 2353 365 2434 Respondit
388 2351 525 2414 Calchas.
547 2349 714 2422 redeamus
737 2354 767 2413 in
790 2353 897 2414 Aulide
919 2360 1039 2420 stemus,
1117 2360 1167 2410 285

246 2438 377 2499 Placabit
398 2439 517 2502 tandem
539 2437 637 2499 lenior
658 2456 730 2500 aura
754 2446 858 2497 ratem.

200 2522 347 2583 Persolvit
367 2522 487 2583 rediens
509 2525 711 2599 Aganremnon
732 2531 799 2582 vota
823 2521 941 2591 llianae,

245 2608 376 2668 lacerat
397 2605 448 2666 hic
470 2604 573 2686 plures
594 2609 713 2666 nautica
734 2605 822 2666 turha
846 2605 919 2667 dies.
1043 2603 1081 2684 ps*
1140 2591 1181 2624 ‘²‘

356 2750 418 2806 fflc
436 2749 580 2806 ITERUM
596 2751 698 2806 AURA
715 2751 837 2806 FAVET
856 2749 1021 2810 GRAECIS.
1014 2739 1166 2879 ,Wpf

206 2859 327 2920 Gratum
349 2867 417 2936 post
439 2857 556 2936 aliquae
578 2858 717 2935 producit
738 2866 872 2937 tempora
894 2864 1014 2918 ventum
1056 2847 1158 2928 „alesti

244 2940 421 3002 Exhilaraus
443 2941 545 3003 oculos
567 2960 638 3002 aura
660 2960 765 3004 serena
789 2960 868 3003 suos.
1115 2949 1168 2998 290

202 3024 273 3086 Vela
294 3033 400 3105 petunt
421 3045 531 3097 arcem,
553 3027 672 3087 solvunt
692 3026 858 3088 retinacula
882 3023 1017 3096 classem,

271 3195 329 3244 269.
348 3192 398 3244 Ov.
416 3193 494 3244 Post.
514 3193 560 3246 VI.
580 3195 643 3244 527:

306 3261 408 3310 Rumor
426 3257 468 3323 (ut
486 3262 530 3310 est
547 3257 639 3324 velox)
659 3260 774 3323 agitatis
790 3259 919 3326 pervolat
936 3260 999 3312 elis.

204 3330 263 3379 att.
280 3323 390 3378 Gnalth
408 3327 486 3378 Alex.
503 3327 539 3388 11,
561 3329 602 3377 17.

306 3394 390 3447 Ocius
408 3394 498 3445 edicto
516 3395 572 3445 ruit
590 3394 677 3446 omnis
695 3395 725 3445 in
742 3410 818 3447 arma
833 3394 975 3460 juventus.

206 3464 264 3515 2'18.
282 3463 324 3512 le
343 3461 424 3513 ovid
442 3463 543 3514 remed.
562 3463 619 3513 690.
